
@Book{mo:Press:90,
  author =	"W. H. Press",
  title =	"Numerical Recipes in {C}",
  publisher =	"Cambridge University Press",
  year = 	"1990",
  address =	"Cambridge",
  pages =	"735",
}

@article{ne:Computer:65,
  author =	"J. A. Nelder and R. Mead",
  title =	"A Simplex Method for Function Minimization",
  journal = "Computer journal",
  year = 	"1965",
  volume = 7,
  pages =	"308--313"
}

@ARTICLE{schaal98Constructive,
  AUTHOR =       {S. Schaal and C.G. Atkenson},
  TITLE =        {Constructive Incremental Learning from Only Local Information},
  JOURNAL =      {Neural Computation},
  YEAR =         {1998},
  number =       {10},
  volume =       {8},
  pages =        {2047-2084}
}