@InProceedings{gupta_davis_cvpr2008,
  author = {A. Gupta and L. Davis},
  title = {Objects in action: an approach for combining action understanding and object perception},
  booktitle = {Proc international Conference on Computer Vision and Pattern Recognition (CVPR)},
  year = {2008}
}

@InProceedings{kjellstrom_etal_eccv2008,
  author = {H. Kyellstrom and J. romero and D. Martinez and D. Kragic},
  title = {Simultaneous visual recognition of manipulation actions and manipulated objects},
  booktitle = {Proc European Conference on Computer Vision (ECCV)},
  year = {2008}
}

@Article{leibe_etal_ijcv2008,
  author = {Bastian Leibe and Ales Leonardis and Bernt Schiele},
  title = {Robust object detection with interleaved categorization and segmentation},
  journal = {International Journal of Computer Vision},
  year = {2008},
  volume = {77},
  number = {1-3},
  pages = {259-289}
}




@InProceedings{griffin_perona_cvpr2008,
  author = {G. Griffin and P. Perona},
  title = {Learning and using taxonomies for fast visual categorization},
  booktitle = {Proc international Conference on Computer Vision and Pattern Recognition (CVPR)},
  year = {2008}
}


@ARTICLE{friston09,
  author = {J. M. Kilner and A. Neal and N. Weiskopf and K. J. Friston and C. D. Frith},
  title = {Evidence of mirror neurons in human inferior frontal gyrus},
  journal = {J Neurosci.},
  year = {2009},
  volume = {29},
  pages = {10153--10159},
}
@inbook{gibson1,
  title = {The Theory of Affordances},
  booktitle = {Perceiving, Acting, and Knowing},
  editor = {Robert Shaw and John Bransford},
  publisher = {Erlbaum Associates},
  year = {1977},
  author = {James J. Gibson}
}

@book{gibson2,
  title = {The Ecological Approach to Visual Perception},
  publisher = {Lawrence Erlbaum Associates},
  year = {1986},
  author = {James J. Gibson}
}

% about mirror neurons

@article{rizzolatti-04,
  author = {G. Rizzolatti and L. Craighero},
  title = {The mirror-neuron system},
  journal ={Annual Review of Neuroscience},
  volume = 27,
  issue = 1,
  pages = {169--192},
  year = 2004
}

@article{gallese-96,
  author = {V. Gallese and L. Fadiga and L. Fogassi and G. Rizzolatti}, 
  title = {Action recognition in the premotor cortex},
  journal = {Brain}, 
  volume = 119, 
  pages = {593--609},
  year = 1996
}

@article{umilta-01,
  author = {M.A. Umilt\'a and E. Kohler and V. Gallese and L. Fogassi and L. Fadiga and C. Keysers and G. Rizzolatti},
  title = {I Know What You Are Doing: A Neurophysiological Study},
  journal = {Neuron}, 
  volume = 31, 
  pages = {1-�20},
  year = 2001
}

% implementations on robotic platiforms

@article{metta-06,
  author = {G. Metta and G. Sandini and L. Natale and L. Craighero and L. Fadiga}, 
  title = {Understanding mirror neurons: a bio-robotic approach}, 
  journal = {Interaction Studies}, 
  volume = 7,
  issue = 2, 
  pages = {197-�232},
  year = 2006
}

@article{lopes-05,
  author = {M. Lopes and J. Santos-Victor}, 
  title = {Visual learning by imitation with motor representations},
  journal = {IEEE Transactions on Systems, Man, and Cybernetics, Part B Cybernetics},
  volume = 35,
  issue = 3, 
  pages = {438--449},
  year = 2005
}

% about speech recognition

@inproceedings{richmond2007,
  author = {Richmond, K.},
  title = {Trajectory Mixture Density Networks With Multiple Mixtures for Acoustic-Articulatory Inversion},
  booktitle = {Advances in Nonlinear Speech Processing, International Conference on Non-Linear Speech Processing, NOLISP 2007},
  editor = {Chetouani, M. and Hussain, A. and Gas, B. and Milgram, M. and Zarader, J.-L.},
  volume = 4885,
  series = {Lecture Notes in Computer Science},
  pages = {263--272},
  publisher = {Springer-Verlag Berlin Heidelberg},
  month = dec,
  year = 2007
}

@INPROCEEDINGS{174427, 
title={Shape analysis and hand preshaping for grasping}, 
author={Bard, C. and Troccaz, J. and Vercelli, G.}, 
booktitle={Intelligent Robots and Systems '91. 'Intelligence for Mechanical Systems, Proceedings IROS '91. IEEE/RSJ International Workshop on}, 
year={1991}, 
month={Nov}, 
volume={}, 
number={}, 
pages={64-69 vol.1}, 
keywords={planning (artificial intelligence), robotsdextrous robot hands, grasping, hand preshaping, object recognition, octree, planning accessibility, shape analysis, shape-matching, stable grasp phase, task planning}, 
doi={10.1109/IROS.1991.174427}, 
ISSN={}, }

@article{santello,
  author = {Sara A. Winges and Douglas J. Weber and Marco Santello}, 
  title = {The role of vision on hand preshaping during reach to grasp},
  journal = {Exp Brain Res},
  volume = 153,
  pages = {489--498},
  year = 2003
}

@article{Polikar2006,
  author   = {R. Polikar},
  title    = {Ensemble Based Systems in Decision Making.},
  journal  = {IEEE Circuits and Systems Magazine},
  volume   = {6},
  number   = {3},
  year     = {2006},
  pages    = {21--45}
}

@article{sanderson2004,
  title   = {Identity Verification Using Speech and Face Information.},
  author  = {Sanderson, C. and Paliwal, K. K.},
  journal = {Digital Signal Processing},
  volume  = {14},
  number  = {5},
  pages   = {449--480},
  year    = {2004}
}


@article{DAS,
author = {M.E. Nilsback and B. Caputo},
title = {Cue Integration through Discriminative Accumulation},
journal ={Computer Vision and Pattern Recognition, IEEE Computer Society Conference on},
volume = {2},
year = {2004},
pages = {578-585},
}

@article{MCK,
 author = {Tommasi, Tatiana and Orabona, Francesco and Caputo, Barbara},
 title = {Discriminative cue integration for medical image annotation},
 journal = {Pattern Recogn. Lett.},
 volume = {29},
 number = {15},
 year = {2008},
 pages = {1996--2002},
 publisher = {Elsevier Science Inc.},
 }

@Manual{cyberglove,
  title =        {CyberGlove Reference Manual},
  organization = {Virtual Technologies, Inc.},
  address =   {2175 Park Blvd., Palo Alto (CA), USA},
  month =     {August},
  year =      {1998},
}

@article{papcun,
 author = {Papcun, G. and Hochberg, J. and Thomas, T. R. and Laroche, F. and Zacks, J. and Levy, S.},
 title = {Inferring articulation and recognizing gestures from acoustics
          with a neural network trained on {X}-ray microbeam data},
 journal = {J Acoust Soc Am.},
 volume = {92},
 number = {2},
 year = {1992},
 }

@InProceedings{pronobis_etal_icra2008,
  author = {Andrzej Pronobis and Oscar Martinez and Barbara Caputo},
  title = {SVM-based discriminative accumulation scheme for place recognition},
  booktitle = {Proc ICRA},
  year = {2008}
} 
