@article{lowe,
	author={Lowe, David},
	title={Distinctive Image Features from Scale-Invariant Keypoints},
	journal={International Journal of Computer Vision},
	volume={60},
	number={2},
	pages={91--110},
	year={2004}
}

@inproceedings{csurka-dance-2004,
    author = {Csurka, Gabriella and Dance, Christopher R. and Fan, Lixin and Willamowski, Jutta and Bray, C\'{e}dric},
    booktitle = {In Workshop on Statistical Learning in Computer Vision, ECCV},
    pages = {1--22},
    title = {Visual categorization with bags of keypoints},
    year = {2004}
}

@InProceedings{ICIAP,
	author={N. Noceti and B.Caputo and C.Castellini and L.Baldassarre and A.Barla and L.Rosasco and F.Odone and G.Sandini},
	title={Towards a theoretical framework for learning multi-modal patterns for embodied agents},
	booktitle={Proc. of ICIAP},
	year={2009}
	}
