@Book{v-edbed-82,
  author =	{Vladimir N. Vapnik},
  title =	{Estimation of Dependences Based on Empirical Data},
  publisher =	{Springer-Verlag},
  address =	{New York},
  year = 	{1982},
}

@article{DownsGM01,
  author = {Tom Downs and Kevin E. Gates and Annette Masters},
  title = {Exact Simplification of Support Vectors Solutions},
  journal = {Journal of Machine Learning Research},
  volume = 2,
  pages = {293--297}, 
  year = 2001
}

@InProceedings{EngelMM02sparse,
  author = {Y. Engel and S. Mannor and R. Meir},
  title = {Sparse online greedy support vector regression},
  booktitle = {Proc. 13th European Conference on Machine Learning},
  year = 2002
}

@article{KeerthiCDC06,
  author = {S. Sathiya Keerthi and Olivier Chapelle and Dennis DeCoste},
  title = {Building Support Vector Machines with Reduced Classifier Complexity},
  journal = {Journal of Machine Learning Research},
  volume = 8,
  pages = {1--22}, 
  year = 2006
}

@article{Burges98,
  author = {Christopher J. C. Burges},
  title = {A Tutorial on Support Vector Machines for Pattern Recognition},
  journal = {Knowledge Discovery and Data Mining},
  volume = 2,
  number = 2,
  year = 1998
}

@inproceedings{BurgesC99,
  author    = {Christopher J. C. Burges and David J. Crisp},
  title     = {Uniqueness of the SVM Solution},
  booktitle = {NIPS},
  year      = {1999},
  pages     = {223-229},
}


@inproceedings{CauwenberghsP00,
  author    = {Gert Cauwenberghs and Tomaso Poggio},
  title     = {Incremental and Decremental Support Vector Machine Learning},
  booktitle = {NIPS},
  year      = {2000},
  pages     = {409-415},
}

@article{KeerthiDC05,
  author = {S. Sathiya Keerthi and Dennis DeCoste},
  title = {A modified finite Newton method for fast solution of large scale linear {SVM}s},
  journal = {Journal of Machine Learning Research},
  volume = 6,
  pages = {341--361}, 
  year = 2005
}

@article{Steinwart03,
  author = {I. Steinwart},
  title = {Sparseness of support vector machines},
  journal = {Journal of Machine Learning Research},
  volume = 4,
  pages = {1071--1105}, 
  year = 2003
}

@article{CoxOS90,
  author = {D. Cox and F. O'Sullivan},
  title = {Asymptotic analysis of penalized likelihood and related estimators},
  journal = {Ann. Statist.},
  volume = 18,
  pages = {1676--1695}, 
  year = 1990
}

@article{KimeldorfW70,
  author = {G. Kimeldorf and G. Wahba},
  title = {A correspondence between Bayesian estimation of stochastic processes and smoothing by splines},
  journal = {Ann. Math. Statist.},
  volume = 41,
  pages = {495--502}, 
  year = 1970
}

@inproceedings{LeeM01,
  author    = {Y. J. Lee and O. L. Mangasarian},
  title     = {{RSVM}: Reduced support vector machines},
  booktitle = {Proceedings of the SIAM International Conference on Data Mining},
  year      = {2001}
}

@article{PontilV98,
  author = {Massimiliano Pontil and Alessandro Verri},
  title = {Properties of Support Vector Machines},
  journal = {Neural Computation},
  volume = 10,
  pages = {955-974}, 
  year = 1998
}

@manual{ChangL01,
  author =	 {Chih-Chung Chang and Chih-Jen Lin},
  title =	 {{LIBSVM}: a library for support vector machines},
  year =	 {2001},
  note =	 {Software available at \url{http://www.csie.ntu.edu.tw/~cjlin/libsvm}}
}

@Book{Cristianini00,
  author =	{N. Cristianini and J. Shawe-Taylor},
  title =	{An Introduction to Support Vector Machines (and Other
		 Kernel-Based Learning Methods)},
  pages =	{204},
  publisher =	{CUP},
  year = 	{2000},
}

@InProceedings{BGV92,
  author =       {Boser, B. E. and Guyon, I. M. and Vapnik, V. N.},
  title =        {A training algorithm for optimal margin classifiers},
  booktitle =    {Proceedings of the 5th Annual ACM Workshop on Computational Learning Theory},
  pages =        {144--152},
  year =         {1992},
  editor =       {D. Haussler},
  publisher =    {ACM press},
}

@article{schoel06,
   author = {M. Wu and B. Sch\"olkopf and G. Bakir},
   title = {A Direct Method for Building Sparse Kernel Learning Algorithms},
   year = {2006},
   volume = {7},
   pages = {603--624},
   month = {04},
   journal = {Journal of Machine Learning Research},
}

@InProceedings{syed99incremental,
  author =       {N. Syed and H. Liu and K. Sung},
  title =        {Incremental learning with support vector machines},
  booktitle =    {Proceedings of the Workshop on Support Vector Machines at the
                  International Joint Conference on Articial Intelligence (IJCAI-99)},
  year =         {1999},
}

@Article{csat'o01sparse,
  author =       {L. Csat\'o and M. Opper},
  title =        {Sparse representation for Gaussian process models},
  journal =      {Advances in Neural Information Processing Systems},
  year =         {2001},
  volume =       {13},
}

