@inproceedings{pronobis:iros06,
  AUTHOR    = "A. Pronobis and B. Caputo and P. Jensfelt and H. I. Christensen",
  TITLE     = "A Discriminative Approach to Robust Visual Place Recognition",
  BOOKTITLE = {Proceedings of IROS'06},
  year = {2006}
}


@Book{v-edbed-82,
  author =	{V. N. Vapnik},
  title =	{Statistical Learning Theory},
  publisher =	{John Wiley and Sons},
  address =	{New York},
  year = 	{1998}
}

@article{DownsGM01,
  author = {T. Downs and K. E. Gates and A. Masters},
  title = {Exact Simplification of Support Vectors Solutions},
  journal = {Journal of Machine Learning Research},
  volume = 2,
  pages = {293--297}, 
  year = 2001
}

@InProceedings{EngelMM02sparse,
  author = {Y. Engel and S. Mannor and R. Meir},
  title = {Sparse online greedy support vector regression},
  booktitle = {Proceedings ECML'02},
  year = 2002
}

@article{KeerthiCDC06,
  author = {S. S. Keerthi and O. Chapelle and D. DeCoste},
  title = {Building Support Vector Machines with Reduced Classifier Complexity},
  journal = {Journal of Machine Learning Research},
  volume = 8,
  pages = {1--22}, 
  year = 2006
}

@Article{engel2004,
  author =       {Y. Engel and S. Mannor and R. Meir},
  title =        {The Kernel Recursive Least Squares Algorithm},
  journal =      {IEEE Transactions on Signal Processing},
  year =         {2004},
  volume =    {52},
  number =    {8},
}

@article{Burges98,
  author = {C. J. C. Burges},
  title = {A Tutorial on Support Vector Machines for Pattern Recognition},
  journal = {Knowledge Discovery and Data Mining},
  volume = 2,
  number = 2,
  year = 1998
}

@inproceedings{BurgesC99,
  author    = {C. J. C. Burges and D. J. Crisp},
  title     = {Uniqueness of the SVM Solution},
  booktitle = {Proceedings of NIPS'99},
  year      = {1999},
  pages     = {223--229},
}


@inproceedings{CauwenberghsP00,
  author    = {G. Cauwenberghs and T. Poggio},
  title     = {Incremental and Decremental Support Vector Machine Learning},
  booktitle = {Proceedings of NIPS'00},
  year      = {2000},
  pages     = {409--415}
}

@article{KeerthiDC05,
  author = {S. S. Keerthi and D. DeCoste},
  title = {A modified finite Newton method for fast solution of large scale linear {SVM}s},
  journal = {Journal of Machine Learning Research},
  volume = 6,
  pages = {341--361}, 
  year = 2005
}

@article{Steinwart03,
  author = {I. Steinwart},
  title = {Sparseness of support vector machines},
  journal = {Journal of Machine Learning Research},
  volume = 4,
  pages = {1071--1105}, 
  year = 2003
}

@article{CoxOS90,
  author = {D. Cox and F. O'Sullivan},
  title = {Asymptotic analysis of penalized likelihood and related estimators},
  journal = {Ann. Statist.},
  volume = 18,
  pages = {1676--1695}, 
  year = 1990
}

@article{KimeldorfW70,
  author = {G. Kimeldorf and G. Wahba},
  title = {A correspondence between Bayesian estimation of stochastic processes and smoothing by splines},
  journal = {Ann. Math. Statist.},
  volume = 41,
  pages = {495--502}, 
  year = 1970
}

@inproceedings{LeeM01,
  author    = {Y. J. Lee and O. L. Mangasarian},
  title     = {{RSVM}: Reduced support vector machines},
  booktitle = {Proceedings of the SIAM International Conference on Data Mining},
  year      = {2001}
}

@article{PontilV98,
  author = {M. Pontil and A. Verri},
  title = {Properties of Support Vector Machines},
  journal = {Neural Computation},
  volume = 10,
  pages = {955--974}, 
  year = 1998
}

@manual{ChangL01,
  author =	 {C.-C. Chang and C.-J. Lin},
  title =	 {{LIBSVM}: a library for support vector machines},
  year =	 {2001},
  note =	 {Software available at \url{http://www.csie.ntu.edu.tw/~cjlin/libsvm}}
}

@Book{Cristianini00,
  author =	{N. Cristianini and J. Shawe-Taylor},
  title =	{An Introduction to Support Vector Machines (and Other
		 Kernel-Based Learning Methods)},
  pages =	{204},
  publisher =	{CUP},
  year = 	{2000},
}

@InProceedings{BGV92,
  author =       {Boser, B. E. and Guyon, I. M. and Vapnik, V. N.},
  title =        {A training algorithm for optimal margin classifiers},
  booktitle =    {Proceedings of COLT'92},
  pages =        {144--152},
  year =         {1992},
  editor =       {D. Haussler},
  publisher =    {ACM press},
}

@article{schoel06,
   author = {M. Wu and B. Sch\"olkopf and G. Bakir},
   title = {A Direct Method for Building Sparse Kernel Learning Algorithms},
   year = {2006},
   volume = {7},
   pages = {603--624},
   month = {04},
   journal = {Journal of Machine Learning Research},
}

@InProceedings{syed99incremental,
  author =       {N. Syed and H. Liu and K. Sung},
  title =        {Incremental learning with support vector machines},
  booktitle =    {Proceedings of the Workshop on Support Vector Machines at IJCAI'99},
  year =         {1999},
}

@Article{csat'o01sparse,
  author =       {L. Csat\'o and M. Opper},
  title =        {Sparse representation for Gaussian process models},
  journal =      {Advances in Neural Information Processing Systems},
  year =         {2001},
  volume =       {13},
}

@Article{Laskov2006,
  author =       {P. Laskov and C. Gehl and S. Kr\"uger and K.-R. M\"uller},
  title =        {Incremental support vector learning: analysis, implementation and applications},
  journal =      {Journal of Machine Learning Research},
  year =         {2006},
  volume =    {7},
  pages =     {1909--1936},
}

@Article{Munro1951,
  author =       {H. Robbins and S. Munro},
  title =        {A stochastic approximation method},
  journal =      {Annals of Mathematical Statistics},
  year =         {1951},
  volume =    {22},
  pages =     {400--407},
}

@article{lecun98efficient,
    author = "Y. LeCun and L. Bottou and G. B. Orr and K.-R. Mueller",
    title = "Efficient {BackProp}",
    journal = "Lecture Notes in Computer Science",
    volume = "1524",
    pages = "9--53",
    year = "1998",
    url = "citeseer.ist.psu.edu/lecun98efficient.html"
}

@Article{Murata2002,
  author =       {N. Murata and M. Kawanabe and A. Ziehe and K.-R. M\"uller  and S. Amari},
  title =        {On-line Learning in Changing Environments with Applications in Supervised
    and Unsupervised Learning},
  journal =      {Neural Networks},
  year =         {2002},
  volume =    {15},
  pages =     {743--760},
}

@InProceedings{BachJordan2005,
  author =       {F. R. Bach and M. I. Jordan},
  title =        {Predictive low-rank decomposition for kernel methods},
  booktitle = {Proceedings of ICML'05},
  year =      {2005},
}

@article{Baudat03,
  author    = {G. Baudat and Fatiha Anouar},
  title     = {Feature vector selection and projection using kernels.},
  journal   = {Neurocomputing},
  volume    = {55},
  number    = {1-2},
  year      = {2003},
  pages     = {21-38}
}

@article{SmolaTut2004,
 author = {A. J. Smola and B. Sch\"olkopf},
 title = {A tutorial on support vector regression},
 journal = {Statistics and Computing},
 volume = {14},
 number = {3},
 year = {2004},
 pages = {199--222},
 publisher = {Kluwer Academic Publishers},
 address = {Hingham, MA, USA},
}

@inproceedings{ljubjiana:icra02,
    author = "M. Arta\v{c} and M. Jogan and A. Leonardis",
    title = "Mobile Robot Localization Using an Incremental Eigenspace Model",
    booktitle = "Proceedings of ICRA'02",
 year = {2002},
}

@inproceedings{emma:irca05,
    author = "E. Brunskill and N. Roy",
    title = "SLAM using Incremental Probabilistic PCA and Dimensionality Reduction",
    booktitle = "Proceedings of ICRA'05",
 year = {2005},
}


@inproceedings{zhang:cvpr06,
    author = "H. Zhang and A. C. Berg and M. Maire and J. Malik",
    title = "SVM-KNN: discriminative nearest neighbor classification for visual category recognition",
    booktitle = "Proceedings of CVPR'06",
  year = {2006},
}

@InProceedings{joachims2006,
  author =       {T. Joachims},
  title =        {Training Linear {SVM}s in Linear Time},
  booktitle = {Proceedings of the ACM Conference on Knowledge Discovery and Data Mining (KDD)},
  year =      {2006},
  editor =    {ACM},
}

@inproceedings{linde:icpr04,
  author = {O. Linde and T. Lindeberg},
  title = {Object recognition using composed receptive field histograms of higher dimensionality},
  booktitle = {Proceedings of ICPR'04},
  year = {2004}
}

@inproceedings{wallraven:iccv03,
  AUTHOR = {C. Wallraven and B. Caputo and A. Graf.},
  TITLE = {Recognition with Local features: the kernel recipe},
  BOOKTITLE = {Proceedings of ICCV'03},
  year = {2003}
}

@inproceedings{lowe99object,
  AUTHOR    = "Lowe, D. G.",
  TITLE     = "Object Recognition from Local Scale-Invariant Features",
  BOOKTITLE = {Proceedings of ICCV'99},
  year = {1999}
}

@techreport{luo:idol2,
  AUTHOR = {J. Luo and A. Pronobis and B. Caputo and P. Jensfelt},
  TITLE  = {The {KTH-IDOL2} Database},
  YEAR   = {2006},
  INSTITUTION = {KTH, CAS/CVAP},
  NUMBER = {304},
  NOTE   = "Available at {\tt http://cogvis.nada.kth.se/IDOL2/}"
}

@inproceedings{luo:icra07,
  AUTHOR = {J. Luo and A. Pronobis and B. Caputo and P. Jensfelt},
  TITLE  = {Incremental Learning for Place Recognition in Dynamic Environments},
  YEAR   = {2007},
  booktitle = {Accepted in IROS'07}
}

@inproceedings{nguyen2005,
 author = {D. D. Nguyen and T. B. Ho},
 title = {An efficient method for simplifying support vector machines},
 booktitle = {Proceedings of ICML'05},
 year = {2005},
 pages = {617--624},
 location = {Bonn, Germany},
 publisher = {ACM Press},
 address = {New York, NY, USA},
}

@inproceedings{fleuret:bmvc04, 
  author    = {Boughorbel, S. and Tarel, J.-P. and Fleuret, F.}, 
  title     = {Non-Mercer Kernels for SVM Object Recognition},
  booktitle = {Proceedings of BMVC'04}, 
  date      = {September 7-9},
  address   = {London, England},
  pages     = {137--146},
  year      = {2004}
} 

@inproceedings{pronobis:icvs06,
  author = {A. Pronobis and B. Caputo},
  title = {The more you learn, the less you store: memory-controlled incremental
                 support vector machines},
  booktitle = {Proceedings of ICVW'06}, 
  address = {Gratz},  	
  year = {2006},
}

@inproceedings{BurgesS96,
  author    = {C. J. C. Burges and B. Sch{\"o}lkopf},
  title     = {Improving the Accuracy and Speed of Support Vector Machines},
  booktitle = {Proceedings of NIPS'96},
  year      = {1996},
  pages     = {375--381}
}

@PhDThesis{Orabona07,
	author = {F. Orabona},
	title  ={Learning and Adptation in Computer Vision},
	year = {2007},
	school = {University of Genoa}
}

@Book{SmolaS02,
  author =	{A. Smola and B. Sch\"olkopf},
  title =	{Learning with Kernels},
  publisher =	{MIT press},
  address =	{Cambridge, MA, USA},
  year = 	{2002}
}

@inproceedings{HarrisS88,
  author    = {C. Harris and M. Stephens},
  title     = {A combined corner and edge detector},
  booktitle = {Proceedings of AVS'88},
  year      = {1988}
}

@article{Anonymous,
	author = {Anonymous},
}
