@InProceedings{gupta_davis_cvpr2008,
  author = {A. Gupta and L. Davis},
  title = {Objects in action: an approach for combining action understanding and object perception},
  booktitle = {Proc international Conference on Computer Vision and Pattern Recognition (CVPR)},
  year = {2008}
}

@InProceedings{kjellstrom_etal_eccv2008,
  author = {H. Kyellstrom and J. romero and D. Martinez and D. Kragic},
  title = {Simultaneous visual recognition of manipulation actions and manipulated objects},
  booktitle = {Proc European Conference on Computer Vision (ECCV)},
  year = {2008}
}

@Article{leibe_etal_ijcv2008,
  author = {Bastian Leibe and Ales Leonardis and Bernt Schiele},
  title = {Robust object detection with interleaved categorization and segmentation},
  journal = {International Journal of Computer Vision},
  year = {2008},
  volume = {77},
  number = {1-3},
  pages = {259-289}
}

@InProceedings{griffin_perona_cvpr2008,
  author = {G. Griffin and P. Perona},
  title = {Learning and using taxonomies for fast visual categorization},
  booktitle = {Proc international Conference on Computer Vision and Pattern Recognition (CVPR)},
  year = {2008}
}


@ARTICLE{friston09,
  author = {J. M. Kilner and A. Neal and N. Weiskopf and K. J. Friston and C. D. Frith},
  title = {Evidence of mirror neurons in human inferior frontal gyrus},
  journal = {J Neurosci.},
  year = {2009},
  volume = {29},
  pages = {10153--10159},
}
@inbook{gibson1,
  title = {The Theory of Affordances},
  booktitle = {Perceiving, Acting, and Knowing},
  editor = {Robert Shaw and John Bransford},
  publisher = {Erlbaum Associates},
  year = {1977},
  author = {James J. Gibson}
}

@book{gibson2,
  title = {The Ecological Approach to Visual Perception},
  publisher = {Lawrence Erlbaum Associates},
  year = {1986},
  author = {James J. Gibson}
}

% about mirror neurons

@article{rizzolatti-04,
  author = {G. Rizzolatti and L. Craighero},
  title = {The mirror-neuron system},
  journal ={Annual Review of Neuroscience},
  volume = 27,
  issue = 1,
  pages = {169--192},
  year = 2004
}

@article{gallese-96,
  author = {V. Gallese and L. Fadiga and L. Fogassi and G. Rizzolatti}, 
  title = {Action recognition in the premotor cortex},
  journal = {Brain}, 
  volume = 119, 
  pages = {593--609},
  year = 1996
}

@article{umilta-01,
  author = {M.A. Umilt\`a and E. Kohler and V. Gallese and L. Fogassi and L. Fadiga and C. Keysers and G. Rizzolatti},
  title = {I Know What You Are Doing: A Neurophysiological Study},
  journal = {Neuron}, 
  volume = 31, 
  pages = {1-�20},
  year = 2001
}


% implementations on robotic platiforms

@inproceedings{hinton-2006,
  author = {Hinton, G. E. and Nair, V.},
  title = {Inferring motor programs from images of handwritten digits},
  booktitle = {Proceedings of Advances in Neural Information Processing Systems},
  volume = {18},
  year = {2006}
}

@article{metta-06,
  author = {G. Metta and G. Sandini and L. Natale and L. Craighero and L. Fadiga}, 
  title = {Understanding mirror neurons: a bio-robotic approach}, 
  journal = {Interaction Studies}, 
  volume = 7,
  issue = 2, 
  pages = {197-�232},
  year = 2006
}

@article{lopes-05,
  author = {M. Lopes and J. Santos-Victor}, 
  title = {Visual learning by imitation with motor representations},
  journal = {IEEE Transactions on Systems, Man, and Cybernetics, Part B Cybernetics},
  volume = 35,
  issue = 3, 
  pages = {438--449},
  year = 2005
}

% about speech recognition

@inproceedings{richmond2007,
  author = {Richmond, K.},
  title = {Trajectory Mixture Density Networks With Multiple Mixtures for Acoustic-Articulatory Inversion},
  booktitle = {Advances in Nonlinear Speech Processing, International Conference on Non-Linear Speech Processing, NOLISP 2007},
  editor = {Chetouani, M. and Hussain, A. and Gas, B. and Milgram, M. and Zarader, J.-L.},
  volume = 4885,
  series = {Lecture Notes in Computer Science},
  pages = {263--272},
  publisher = {Springer-Verlag Berlin Heidelberg},
  month = dec,
  year = 2007
}

@INPROCEEDINGS{174427, 
	title={Shape analysis and hand preshaping for grasping}, 
	author={Bard, C. and Troccaz, J. and Vercelli, G.}, 
	booktitle={Intelligent Robots and Systems '91. 'Intelligence for Mechanical Systems,
	  Proceedings IROS '91. IEEE/RSJ International Workshop on}, 
	year={1991},
	month={Nov},
	volume={1},
	pages={64---69}, 
}

@article{santello,
  author = {Sara A. Winges and Douglas J. Weber and Marco Santello}, 
  title = {The role of vision on hand preshaping during reach to grasp},
  journal = {Exp Brain Res},
  volume = 153,
  pages = {489--498},
  year = 2003
}

@article{Polikar2006,
  author   = {R. Polikar},
  title    = {Ensemble Based Systems in Decision Making.},
  journal  = {IEEE Circuits and Systems Magazine},
  volume   = {6},
  number   = {3},
  year     = {2006},
  pages    = {21--45}
}

@article{sanderson2004,
  title   = {Identity Verification Using Speech and Face Information.},
  author  = {Sanderson, C. and Paliwal, K. K.},
  journal = {Digital Signal Processing},
  volume  = {14},
  number  = {5},
  pages   = {449--480},
  year    = {2004}
}


@article{DAS,
author = {M.E. Nilsback and B. Caputo},
title = {Cue Integration through Discriminative Accumulation},
journal ={Computer Vision and Pattern Recognition, IEEE Computer Society Conference on},
volume = {2},
year = {2004},
pages = {578-585},
}

@article{MCK,
 author = {Tommasi, Tatiana and Orabona, Francesco and Caputo, Barbara},
 title = {Discriminative cue integration for medical image annotation},
 journal = {Pattern Recogn. Lett.},
 volume = {29},
 number = {15},
 year = {2008},
 pages = {1996--2002},
 publisher = {Elsevier Science Inc.},
 }

@Manual{cyberglove,
  title =        {CyberGlove Reference Manual},
  organization = {Virtual Technologies, Inc.},
  address =   {2175 Park Blvd., Palo Alto (CA), USA},
  month =     {August},
  year =      {1998},
}

@article{papcun,
 author = {Papcun, G. and Hochberg, J. and Thomas, T. R. and Laroche, F. and Zacks, J. and Levy, S.},
 title = {Inferring articulation and recognizing gestures from acoustics
          with a neural network trained on {X}-ray microbeam data},
 journal = {J Acoust Soc Am.},
 volume = {92},
 number = {2},
 year = {1992},
 }

@InProceedings{pronobis_etal_icra2008,
  author = {Andrzej Pronobis and Oscar Martinez and Barbara Caputo},
  title = {SVM-based discriminative accumulation scheme for place recognition},
  booktitle = {Proc ICRA},
  year = {2008}
} 

@INPROCEEDINGS{BGV92,
  author = {Boser, B. E. and Guyon, I. M. and Vapnik, V. N.},
  title = {A training algorithm for optimal margin classifiers},
  booktitle = {Proceedings of the 5th Annual ACM Workshop on Computational Learning
	Theory},
  year = {1992},
  editor = {D. Haussler},
  pages = {144--152},
  publisher = {ACM press}
}

@InProceedings{tavella,
  author = {Grimaldi, M. and Gili Fivela, B. and Sigona, F. and Tavella, M. and Fitzpatrick, P. and
	    Craighero, L. and Fadiga, L. and Sandini, G. and Metta, G.},
  title = {New Technologies for Simultaneous Acquisition of Speech Articulatory Data:
3{D} Articulograph, Ultrasound and Electroglottograph},
  booktitle = {Proceedings of LangTech 2008, Rome, Italy},
  year = {2008}
}

@article{dausilio,
 author = {D'Ausilio, A. and Pulverm\"uller, F. and Salmas, P. and Bufalari, I. and Begliomini, C. and Fadiga, L.},
 title = {The Motor Somatotopy of Speech Perception},
 journal = {Current Biology},
 volume = {19},
 number = {1---5},
 year = {2009},
 }

@article{liberman1,
 author = {Liberman, A. M. and Cooper, F. S. and Shankweiler, D. P. and {Studdert-Kennedy}, M.},
 title = {Perception of the Speech Code},
 journal = {Psychological Review},
 volume = {74},
 number = {6},
 pages = {431---461},
 year = {1967},
}

@article{liberman2,
 author = {Liberman, A. M. and Mattingly, I. G.},
 title = {The motor theory of speech perception revised},
 journal = {Cognition},
 volume = {21},
 pages = {1---36},
 year = {1986},
}

@article{galant,
 author = {Galantucci, B. and Fowler, C. A. and Turvey, M. T.},
 title = {The motor theory of speech perception reviewed},
 journal = {Psychonomic Bulletin and Review},
 volume = {13},
 number = {3},
 pages = {361---377},
 year = {2006},
}

@article{massaro,
 author = {Massaro, D. W. and Chen, T. H.},
 title = {The motor theory of speech perception revisited},
 journal = {Psychonomic Bulletin and Review},
 volume = {15},
 number = {2},
 pages = {453---457},
 year = {2008},
}

@InProceedings{ostendorf,
  author = {Ostendorf, M.},
  title = {Moving beyond the {�beads-on-a-string�} model of speech},
  booktitle = {Proceedings of the IEEE Automatic Speech Recognition and Understanding Workshop},
  year = {1999}
}

@article{bourlard,
 author = {Tyagi, V. and Bourlard, H. and Wellekens, C.J.},
 title = {On variable-scale piecewise stationary spectral analysis of speech for {ASR}},
 journal = {Speech Communication},
 volume = {48},
 number = {9},
 pages = {1182---1191},
 year = {2006},
}

@article{salvi,
 author = {Salvi, G.},
 title = {Segment boundaries in low latency phonetic recognition},
 journal = {Lecture Notes in Computer Science},
 volume = {3817},
 pages = {267---276},
 year = {2006},
}

@article{bourl,
 author = {Pujol, P. and Hagen, A. and Bourlard, H. and Nadeu, C.},
 title = {Comparison and combination of features in hybrid {HMM/MLP} and {HMM/GMM} speech recognition},
 journal = {IEEE Transactions of Speech and Audio Processing},
 volume = {13},
 number = {1},
 pages = {14---22},
 year = {2003},
}

@book{stat,
  title = {Pattern Recognition: A Statistical Approach},
  publisher = {Prentice-Hall, London},
  year = {1982},
  author = {Devijver, P. A. and Kittler, J.}
}

@article{nestedCV,
	author = {Varma, S. and Simon, R.},
	journal = {BMC Bioinformatics},
	month = {February},
	number = {1},
	title = {Bias in error estimation when using cross-validation for model selection.},
	volume = {7},
	year = {2006}
}

@Article{MOLLER93,
  author = 	 "Martin F. Moller",
  title = 	 "A Scaled Conjugate Gradient Algorithm for Fast Supervised
		  Learning",
  journal =	 "Neural Networks",
  year =	 1993,
  volume =	 6,
  pages =	 "525-533"
}

@article{king,
  author = {King, S. and Frankel, J. and Livescu, K. and McDermott, E. and Richmond, K. and Wester, M.},
  title = {Speech production knowledge in automatic speech recognition},
  journal = {Journal of the Acoustical Society of America}, 
  volume = {121(2)}, 
  pages = {723---742},
  year = {2007}
}

@article{zlokarnik,
  author = {Zlokarnik, I.},
  title = {Adding articulatory features to acoustic features for automatic speech recognition},
  journal = {Journal of the Acoustical Society of America}, 
  volume = {97(2)}, 
  pages = {3246},
  year = {1995}
}

@InProceedings{stephenson,
  author = {Stephenson, T. and Bourlard, H. and Bengio, S. and Morris, A.},
  title = {Automatic speech recognition using dynamic Bayesian networks with both acoustic and articulatory variables},
  booktitle = {Proceedings of the International Conference on Spoken Language Processing},
  year = {2000}
}

@InProceedings{wrench,
  author = {Wrench, A. A. and Richmond, K.},
  title = {Continuous Speech Recognition Using Articulatory Data},
  booktitle = {Proceedings of the International Conference on Spoken Language Processing},
  year = {2000}
}

@InProceedings{richardson,
  author = {Richardson, M. and Bilmes, J. and Diorio, C.},
  title = {Hidden-Articulator Markov Models: Performance Improvements and Robustness to Noise},
  booktitle = {Proceedings of the International Conference on Spoken Language Processing},
  year = {2000}
}

@InProceedings{livescu,
  author = {Livescu, K. and Glass, J. and Bilmes, J.},
  title = {Hidden feature modeling for speech recognition using dynamic Bayesian networks},
  booktitle = {Proceedings of Eurospeech},
  year = {2003}
}

@article{richmond,
  author = {Richmond, K. and King, S. and Taylor, P.},
  title = {Modelling the uncertainty in recovering articulation from acoustics},
  journal = {Computer Speech and Language}, 
  volume = {17(2)}, 
  pages = {153---172},
  year = {2003}
}

@InProceedings{toda,
  author = {Toda, T. and Black, A. and Tokuda, K.},
  title = {Acoustic-to-Articulatory Inversion Mapping with Gaussian Mixture Model},
  booktitle = {Proceedings of the International Conference on Spoken Language Processing},
  year = {2004}
}

@article{rose,
  author = {Rose, R. C. and Schroeter, J. and Sondhi, M. M.},
  title = {The potential role of speech production models in automatic speech recognition},
  journal = {Journal of the Acoustical Society of America}, 
  volume = {99(2)}, 
  pages = {153---172},
  year = {1996}
}

@MISC{Brookes1997,
  author = {Mike Brookes},
  title = {{VOICEBOX}: A speech processing toolbox for {MATLAB}},
  year = {1997-2010},
  institution = {Imperial College},
  note = {Available at http://www.ee.imperial.ac.uk/hp/staff/dmb/voicebox/voicebox.html}
}

@manual{libsvm,
  author =	 {Chih-Chung Chang and Chih-Jen Lin},
  title =	 {{LIBSVM}: a library for support vector machines},
  year =	 {2001},
  note =	 {Available at http://www.csie.ntu.edu.tw/\~{}cjlin/libsvm}
}
