% about mirror neurons and speech perception

@article{umilta-01,
  author = {Umilt{\`a}, M. A. and Kohler,E. and Gallese,V. and Fogassi,L. and Fadiga,L. and Keysers,C. and Rizzolatti,G.},
  title = {I Know What You Are Doing: A Neurophysiological Study},
  journal = {Neuron}, 
  volume = 31, 
  pages = {1-20},
  year = 2001
}

@article{kroger,
  author = {Kr\"oger,B. J. and Kannampuzha,J. and Neuschaefer-Rube,C.},
  title = {Towards a neurocomputational model of speech production and perception},
  journal = {Speech Communication}, 
  volume = 51, 
  pages = {793-809},
  year = 2009
}

@article{hickok-00,
  author = {G. Hickok and D. Poeppel},
  title = { Towards a functional neuroanatomy of speech perception},
  journal = {Trends Cogn. Sci.}, 
  volume = 4, 
  pages = {131-138},
  year = 2000
}

@article{hickok-04,
  author = {G. Hickok and D. Poeppel},
  title = { Dorsal and ventral streams: a framework for understanding aspects of the functional anatomy of language},
  journal = {Cognition}, 
  volume = 92, 
  pages = {67-99},
  year = 2004
}


@article{hickok-11,
  author = {G. Hickok and J. Houde and F. Rong},
  title = { Sensorymotor Integration in Speech Processing: Computational Basis and Neural Organization},
  journal = {Neuron}, 
  volume = 69, 
  pages = {407-422},
  year = 2011
}

% about action recognition

@inproceedings{hinton-2006,
  author = {Hinton, G. E. and Nair, V.},
  title = {Inferring motor programs from images of handwritten digits},
  booktitle = {Proceedings of Advances in Neural Information Processing Systems},
  volume = {18},
  year = {2006},
  pages = {515--522}
}

@article{metta-06,
  author = {G. Metta and G. Sandini and L. Natale and L. Craighero and L. Fadiga}, 
  title = {Understanding mirror neurons: a bio-robotic approach}, 
  journal = {Interaction Studies}, 
  volume = 7,
  issue = 2, 
  pages = {197-232},
  year = 2006
}

% about machine learning

@INPROCEEDINGS{BGV92,
  author = {Boser, B. E. and Guyon, I. M. and Vapnik, V. N.},
  title = {A training algorithm for optimal margin classifiers},
  booktitle = {Proceedings of the 5th Annual ACM Workshop on Computational Learning
	Theory},
  year = {1992},
  editor = {D. Haussler},
  pages = {144-152},
  publisher = {ACM press}
}

% about speech recognition

@inproceedings{richmond2007,
  author = {Richmond, K.},
  title = {Trajectory Mixture Density Networks With Multiple Mixtures for Acoustic-Articulatory Inversion},
  booktitle = {Advances in Nonlinear Speech Processing, International Conference on Non-Linear Speech Processing, NOLISP 2007},
  editor = {Chetouani, M. and Hussain, A. and Gas, B. and Milgram, M. and Zarader, J.-L.},
  volume = 4885,
  series = {Lecture Notes in Computer Science},
  pages = {263-272},
  publisher = {Springer-Verlag Berlin Heidelberg},
  month = dec,
  year = 2007
}


@article{papcun,
 author = {Papcun, G. and Hochberg, J. and Thomas, T. R. and Laroche, F. and Zacks, J. and Levy, S.},
 title = {Inferring articulation and recognizing gestures from acoustics
          with a neural network trained on {X}-ray microbeam data},
 journal = {J Acoust Soc Am.},
 volume = {92},
 number = {2},
 year = {1992},
 }

@InProceedings{tavella,
  author = {Grimaldi, M. and Gili Fivela, B. and Sigona, F. and Tavella, M. and Fitzpatrick, P. and
	    Craighero, L. and Fadiga, L. and Sandini, G. and Metta, G.},
  title = {New Technologies for Simultaneous Acquisition of Speech Articulatory Data: {3D} Articulograph, Ultrasound and Electroglottograph},
  booktitle = {Proceedings of LangTech 2008, Rome, Italy},
  year = {2008}
}

@article{dausilio,
 author = {D'Ausilio, A. and Pulverm\"uller, F. and Salmas, P. and Bufalari, I. and Begliomini, C. and Fadiga, L.},
 title = {The Motor Somatotopy of Speech Perception},
 journal = {Current Biology},
 volume = {19},
 number = {1-5},
 year = {2009},
 pages = {381-385},
 }

@article{liberman1,
 author = {Liberman, A. M. and Cooper, F. S. and Shankweiler, D. P. and {Studdert-Kennedy}, M.},
 title = {Perception of the Speech Code},
 journal = {Psychological Review},
 volume = {74},
 number = {6},
 pages = {431-461},
 year = {1967},
}

@article{liberman2,
 author = {Liberman, A. M. and Mattingly, I. G.},
 title = {The motor theory of speech perception revised},
 journal = {Cognition},
 volume = {21},
 pages = {1-36},
 year = {1986},
}

@article{galant,
 author = {Galantucci, B. and Fowler, C. A. and Turvey, M. T.},
 title = {The motor theory of speech perception reviewed},
 journal = {Psychonomic Bulletin and Review},
 volume = {13},
 number = {3},
 pages = {361-377},
 year = {2006},
}

@article{massaro,
 author = {Massaro, D. W. and Chen, T. H.},
 title = {The motor theory of speech perception revisited},
 journal = {Psychonomic Bulletin and Review},
 volume = {15},
 number = {2},
 pages = {453-457},
 year = {2008},
}

@InProceedings{ostendorf,
  author = {Ostendorf, M.},
  title = {Moving beyond the {'beads-on-a-string'} model of speech},
  booktitle = {Proceedings of the IEEE Automatic Speech Recognition and Understanding Workshop},
  year = {1999},
 pages = {79-84},
}


@book{stat,
  title = {Pattern Recognition: A Statistical Approach},
  publisher = {Prentice-Hall, London},
  year = {1982},
  author = {Devijver, P. A. and Kittler, J.}
}

@article{king,
  author = {King, S. and Frankel, J. and Livescu, K. and McDermott, E. and Richmond, K. and Wester, M.},
  title = {Speech production knowledge in automatic speech recognition},
  journal = {Journal of the Acoustical Society of America}, 
  volume = {121(2)},
  pages = {723-742},
  year = {2007}
}

@article{zlokarnik,
  author = {Zlokarnik, I.},
  title = {Adding articulatory features to acoustic features for automatic speech recognition},
  journal = {Journal of the Acoustical Society of America}, 
  volume = {97(2)},
  pages = {3246},
  year = {1995}
}

@InProceedings{stephenson,
  author = {Stephenson, T. and Bourlard, H. and Bengio, S. and Morris, A.},
  title = {Automatic speech recognition using dynamic Bayesian networks with both acoustic and articulatory variables},
  booktitle = {Proceedings of the International Conference on Spoken Language Processing},
  year = {2000},
  pages = {951-954},
}

@InProceedings{wrench,
  author = {Wrench, A. A. and Richmond, K.},
  title = {Continuous Speech Recognition Using Articulatory Data},
  booktitle = {Proceedings of the International Conference on Spoken Language Processing},
  year = {2000},
  pages = {145-148},
}

@InProceedings{richardson,
  author = {Richardson, M. and Bilmes, J. and Diorio, C.},
  title = {Hidden-Articulator Markov Models: Performance Improvements and Robustness to Noise},
  booktitle = {Proceedings of the International Conference on Spoken Language Processing},
  year = {2000},
  pages = {131-134},
}

@InProceedings{livescu,
  author = {Livescu, K. and Glass, J. and Bilmes, J.},
  title = {Hidden feature models for speech recognition using dynamic Bayesian networks},
  booktitle = {Proceedings of Eurospeech},
  year = {2003},
  pages = {2529-2532},
}

@article{richmond,
  author = {Richmond, K. and King, S. and Taylor, P.},
  title = {Modelling the uncertainty in recovering articulation from acoustics},
  journal = {Computer Speech and Language}, 
  volume = {17(2)}, 
  pages = {153-172},
  year = {2003}
}

@InProceedings{toda,
  author = {Toda, T. and Black, A. and Tokuda, K.},
  title = {Acoustic-to-Articulatory Inversion Mapping with Gaussian Mixture Model},
  booktitle = {Proceedings of the International Conference on Spoken Language Processing},
  year = {2004}
}

@article{rose,
  author = {Rose, R. C. and Schroeter, J. and Sondhi, M. M.},
  title = {The potential role of speech production models in automatic speech recognition},
  journal = {Journal of the Acoustical Society of America}, 
  volume = {99(2)}, 
  pages = {153-172},
  year = {1996}
}


@INPROCEEDINGS{pinto:icassp-phnrecog:2008,
         author = {Pinto, Joel Praveen and Hermansky, Hynek and Yegnanarayana, B. and Magimai.-Doss, Mathew},
          title = {Exploiting Contextual Information for Improved Phoneme Recognition},
      booktitle = {"{IEEE} Int. Conf. on Acoustics, Speech, and Signal Processing ({ICASSP})"},
           year = {2008},
  pages = {4449-4452},
}

@article{bourl,
 author = {Pujol, P. and Hagen, A. and Bourlard, H. and Nadeu, C.},
 title = {Comparison and combination of features in hybrid {HMM/MLP} and {HMM/GMM} speech recognition},
 journal = {IEEE Transactions of Speech and Audio Processing},
 volume = {13},
 number = {1},
 pages = {14-22},
 year = {2003},
}

%miscellaneous

@MISC{Brookes1997,
  author = {Mike Brookes},
  title = {{VOICEBOX}: A speech processing toolbox for {MATLAB}},
  year = {1997-2010},
  institution = {Imperial College},
  note = {Available at http://www.ee.imperial.ac.uk/hp/staff/dmb/voicebox/voicebox.html}
}

@Article{MOLLER93,
  author = 	 "Martin F. Moller",
  title = 	 "A Scaled Conjugate Gradient Algorithm for Fast Supervised
		  Learning",
  journal =	 "Neural Networks",
  year =	 1993,
  volume =	 6,
  pages =	 "525-533"
}

@manual{libsvm,
  author =	 {Chih-Chung Chang and Chih-Jen Lin},
  title =	 {{LIBSVM}: a library for support vector machines},
  year =	 {2001},
  note =	 {Available at http://www.csie.ntu.edu.tw/\~{}cjlin/libsvm}
}
