% This file was created with JabRef 2.4.
% Encoding: Cp1252

@INPROCEEDINGS{ljubjiana:icra02,
  author = {M. Arta\v{c} and M. Jogan and A. Leonardis},
  title = {Mobile Robot Localization Using an Incremental Eigenspace Model},
  booktitle = {Proc. ICRA'02},
  year = {2002}
}

@INPROCEEDINGS{BachJordan2005,
  author = {F. R. Bach and M. I. Jordan},
  title = {Predictive low-rank decomposition for kernel methods},
  booktitle = {Proceedings of the 22nd International Conference on Machine Learning
	(ICML)},
  year = {2005}
}

@ARTICLE{Baudat03,
  author = {G. Baudat and Fatiha Anouar},
  title = {Feature vector selection and projection using kernels.},
  journal = {Neurocomputing},
  year = {2003},
  volume = {55},
  pages = {21-38},
  number = {1-2},
  bibsource = {DBLP, http://dblp.uni-trier.de},
  ee = {http://dx.doi.org/10.1016/S0925-2312(03)00429-6}
}

@BOOK{bishop,
  title = {Neural Networks for Pattern Recognition},
  publisher = {Oxford University Press},
  year = {1995},
  author = {C. M. Bishop}
}

@INPROCEEDINGS{smagt,
  author = {S. Bitzer and P. van der Smagt},
  title = {Learning {EMG} control of a robotic hand: Towards Active Prostheses},
  booktitle = {Proceedings of ICRA, International Conference on Robotics and Automation,
	Orlando, Florida, USA},
  year = {2006},
  pages = {2819--2823},
  month = {may}
}

@INPROCEEDINGS{BGV92,
  author = {Boser, B. E. and Guyon, I. M. and Vapnik, V. N.},
  title = {A training algorithm for optimal margin classifiers},
  booktitle = {Proceedings of the 5th Annual ACM Workshop on Computational Learning
	Theory},
  year = {1992},
  editor = {D. Haussler},
  pages = {144--152},
  publisher = {ACM press}
}

@INPROCEEDINGS{fleuret:bmvc04,
  author = {Boughorbel, S. and Tarel, J.-P. and Fleuret, F.},
  title = {Non-Mercer Kernels for SVM Object Recognition},
  booktitle = {Proceedings of British Machine Vision Conference (BMVC'04)},
  year = {2004},
  pages = {137--146},
  address = {London, England},
  date = {September 7-9}
}

@INPROCEEDINGS{emma:irca05,
  author = {Emma Brunskill and Nicholas Roy},
  title = {SLAM using Incremental Probabilistic PCA and Dimensionality Reduction},
  booktitle = {Proc. ICRA'05},
  year = {2005}
}

@ARTICLE{Burges98,
  author = {Christopher J. C. Burges},
  title = {A Tutorial on {S}upport {V}ector {M}achines for Pattern Recognition},
  journal = {Knowledge Discovery and Data Mining},
  year = {1998},
  volume = {2},
  number = {2}
}

@INPROCEEDINGS{BurgesC99,
  author = {Christopher J. C. Burges and David J. Crisp},
  title = {Uniqueness of the SVM Solution},
  booktitle = {NIPS},
  year = {1999},
  pages = {223--229}
}

@INPROCEEDINGS{ButFisGre2004,
  author = {J. Butterfass and M. Fischer and M. Grebenstein},
  title = {Design and Experiences with {DLR} Hand {II}},
  booktitle = {Proceedings of the World Automation Congress},
  year = {2004}
}

@MISC{posterNEURO-ROB,
  author = {C. Castellini and E. Gruppioni and A. Davalli and G. Sandini},
  title = {{EMG}-driven hand prosthetics: initial results on a patient},
  howpublished = {poster},
  month = {July},
  year = {2008},
  note = {appeared at Recent Advances in Neuro-robotics Symposium, Freiburg,
	Germany.}
}

@INPROCEEDINGS{CauwenberghsP00,
  author = {Gert Cauwenberghs and Tomaso Poggio},
  title = {Incremental and Decremental Support Vector Machine Learning},
  booktitle = {NIPS},
  year = {2000},
  pages = {409--415}
}

@MANUAL{ChangL01,
  title = {{LIBSVM}: a library for {S}upport {V}ector {M}achines},
  author = {Chih-Chung Chang and Chih-Jen Lin},
  year = {2001},
  note = {Software available at \url{http://www.csie.ntu.edu.tw/~cjlin/libsvm}}
}

@ARTICLE{CoxOS90,
  author = {D. Cox and F. O'Sullivan},
  title = {Asymptotic analysis of penalized likelihood and related estimators},
  journal = {Ann. Statist.},
  year = {1990},
  volume = {18},
  pages = {1676--1695}
}

@BOOK{Cristianini00,
  title = {An Introduction to Support Vector Machines (and Other Kernel-Based
	Learning Methods)},
  publisher = {CUP},
  year = {2000},
  author = {N. Cristianini and J. Shawe-Taylor},
  pages = {204}
}

@ARTICLE{csat'o01sparse,
  author = {L. Csat\'o and M. Opper},
  title = {Sparse representation for Gaussian process models},
  journal = {Advances in Neural Information Processing Systems},
  year = {2001},
  volume = {13}
}

@ARTICLE{DownsGM01,
  author = {Tom Downs and Kevin E. Gates and Annette Masters},
  title = {Exact Simplification of Support Vectors Solutions},
  journal = {Journal of Machine Learning Research},
  year = {2001},
  volume = {2},
  pages = {293--297}
}

@INPROCEEDINGS{ekvall,
  author = {S. Ekvall and D. Kragi{\'c}},
  title = {Grasp Recognition for Programming by Demonstration},
  booktitle = {Proceedings of ICRA, International Conference on Robotics and Automation,
	Barcelona, Spain},
  year = {2005}
}

@ARTICLE{engel2004,
  author = {Yaakov Engel and Shie Mannor and Ron Meir},
  title = {The Kernel Recursive Least Squares Algorithm},
  journal = {IEEE Transactions on Signal Processing},
  year = {2004},
  volume = {52},
  number = {8}
}

@INPROCEEDINGS{EngelMM02sparse,
  author = {Y. Engel and S. Mannor and R. Meir},
  title = {Sparse online greedy support vector regression},
  booktitle = {Proc. 13th European Conference on Machine Learning},
  year = {2002}
}

@INPROCEEDINGS{dunlop,
  author = {S. Ferguson and G. Reg Dunlop},
  title = {Grasp Recognition from Myoelectric Signals},
  booktitle = {Proceedings of the Australasian Conference on Robotics and Automation,
	Auckland, New Zealand},
  year = {2002}
}

@ARTICLE{figueiredo03adaptive,
  author = {M. Figueiredo},
  title = {Adaptive sparseness for supervised learning},
  journal = {IEEE Trans. Pattern Analysis and Mach. Intell.},
  year = {2003},
  volume = {25},
  pages = {1150--1159},
  number = {9},
  month = {sep}
}

@INPROCEEDINGS{Hua2006,
  author = {H. Huang and L. Jiang and D.W. Zhao and J.D. Zhao and H.G. Cai and
	H. Liu and P. Meusel and B. Willberg and G. Hirzinger},
  title = {The Development on a New Biomechatronic Prosthetic Hand Based on
	Under-actuated Mechanism},
  booktitle = {Proceedings of the 2006 IEEE/RSJ International Conference on Intelligent
	Robots and Systems},
  year = {2006},
  pages = {3791--3796}
}

@INPROCEEDINGS{joachims2006,
  author = {Thorsten Joachims},
  title = {Training Linear {SVM}s in Linear Time},
  booktitle = {Proceedings of the ACM Conference on Knowledge Discovery and Data
	Mining (KDD)},
  year = {2006},
  editor = {ACM}
}

@ARTICLE{KeerthiCDC06,
  author = {S. Sathiya Keerthi and Olivier Chapelle and Dennis DeCoste},
  title = {Building Support Vector Machines with Reduced Classifier Complexity},
  journal = {Journal of Machine Learning Research},
  year = {2006},
  volume = {8},
  pages = {1--22}
}

@ARTICLE{KeerthiDC05,
  author = {S. Sathiya Keerthi and Dennis DeCoste},
  title = {A modified finite Newton method for fast solution of large scale
	linear {SVM}s},
  journal = {Journal of Machine Learning Research},
  year = {2005},
  volume = {6},
  pages = {341--361}
}

@BOOK{Kendall,
  title = {Muscles: Testing and Function, with Posture and Pain},
  publisher = {Lippincott Williams \& Wilkins},
  year = {2005},
  author = {F. Peterson Kendall and E. Kendall McCreary and P. Geise Provance
	and M. McIntyre Rodgers and W.A. Romani},
  address = {530 Walnut St.Philadelphia, PA 19106-3621 }
}

@ARTICLE{KimeldorfW70,
  author = {G. Kimeldorf and G. Wahba},
  title = {A correspondence between Bayesian estimation of stochastic processes
	and smoothing by splines},
  journal = {Ann. Math. Statist.},
  year = {1970},
  volume = {41},
  pages = {495--502}
}

@ARTICLE{Laskov2006,
  author = {Pavel Laskov and Christian Gehl and Stefan Kr?üger and Klaus-Robert
	M\"uller},
  title = {Incremental support vector learning: analysis, implementation and
	applications},
  journal = {Journal of Machine Learning Research},
  year = {2006},
  volume = {7},
  pages = {1909--1936}
}

@ARTICLE{lecun98efficient,
  author = {Y. LeCun and L. Bottou and G. B. Orr and K.-R. Mueller},
  title = {Efficient {BackProp}},
  journal = {Lecture Notes in Computer Science},
  year = {1998},
  volume = {1524},
  pages = {9--53},
  url = {citeseer.ist.psu.edu/lecun98efficient.html}
}

@INPROCEEDINGS{LeeM01,
  author = {Y. J. Lee and O. L. Mangasarian},
  title = {{RSVM}: Reduced support vector machines},
  booktitle = {Proceedings of the SIAM International Conference on Data Mining},
  year = {2001}
}

@INPROCEEDINGS{linde:icpr04,
  author = {Oskar Linde and Tony Lindeberg},
  title = {Object recognition using composed receptive field histograms of higher
	dimensionality},
  booktitle = {Proc. ICPR'04}
}

@INPROCEEDINGS{lowe99object,
  author = {Lowe, D. G.},
  title = {Object Recognition from Local Scale-Invariant Features},
  booktitle = {Proc. of ICCV'99}
}

@INPROCEEDINGS{luo:icra07,
  author = {Jie Luo and Andrzej Pronobis and Barbara Caputo and Patric Jensfelt},
  title = {Incremental Learning for Place Recognition in Dynamic Environments"},
  year = {2006},
  number = {IDIAP-RR-06-52},
  note = {Available at {\tt http://www.idiap.ch/publications.php}}
}

@TECHREPORT{luo:idol2,
  author = {Jie Luo and Andrzej Pronobis and Barbara Caputo and Patric Jensfelt},
  title = {The {KTH-IDOL2} Database},
  institution = {KTH, CAS/CVAP},
  year = {2006},
  number = {304},
  note = {Available at {\tt http://cogvis.nada.kth.se/IDOL2/}}
}

@ARTICLE{Murata2002,
  author = {Noboru Murata and Motoaki Kawanabe and Andreas Ziehe and Klaus-Robert
	M\"uller and Shun-ichi Amari},
  title = {On-line Learning in Changing Environments with Applications in Supervised
	and Unsupervised Learning},
  journal = {Neural Networks},
  year = {2002},
  volume = {15},
  pages = {743--760}
}

@INPROCEEDINGS{nguyen2005,
  author = {DucDung Nguyen and TuBao Ho},
  title = {An efficient method for simplifying support vector machines},
  booktitle = {ICML '05: Proceedings of the 22nd international conference on Machine
	learning},
  year = {2005},
  pages = {617--624},
  address = {New York, NY, USA},
  publisher = {ACM Press},
  doi = {http://doi.acm.org/10.1145/1102351.1102429},
  isbn = {1-59593-180-5},
  location = {Bonn, Germany}
}

@ARTICLE{PontilV98,
  author = {Massimiliano Pontil and Alessandro Verri},
  title = {Properties of Support Vector Machines},
  journal = {Neural Computation},
  year = {1998},
  volume = {10},
  pages = {955--974}
}

@INPROCEEDINGS{pronobis:icvs06,
  author = {Andrzej Pronobis and Barbara Caputo},
  title = {The more you learn, the less you store: memory-controlled incremental
	support vector machines},
  booktitle = {International Cognitive Vision Workshop},
  year = {2006},
  address = {Graz, Austria}
}

@ARTICLE{Munro1951,
  author = {H. Robbins and S Munro},
  title = {A stochastic approximation method},
  journal = {Annals of Mathematical Statistics},
  year = {1951},
  volume = {22},
  pages = {400--407}
}

@ARTICLE{Sebelius2005,
  author = {Fredrik C P Sebelius and Birgitta N Ros\'en and Göran N Lundborg},
  title = {Refined myoelectric control in below-elbow amputees using artificial
	neural networks and a data glove.},
  journal = {J Hand Surg [Am]},
  year = {2005},
  volume = {30},
  pages = {780--789},
  number = {4},
  month = {Jul},
  institution = {Department of Electrical Measurements and Hand Surgery, Malmö University
	Hospital, Lund University, Lund, Sweden. Fredrik.Sebelius@elmat.lth.se},
}

@ARTICLE{SmolaTut2004,
  author = {Alex J. Smola and Bernhard Sch\"olkopf},
  title = {A tutorial on support vector regression},
  journal = {Statistics and Computing},
  year = {2004},
  volume = {14},
  pages = {199--222},
  number = {3},
  address = {Hingham, MA, USA},
  doi = {http://dx.doi.org/10.1023/B:STCO.0000035301.49549.88},
  issn = {0960-3174},
  publisher = {Kluwer Academic Publishers}
}

@ARTICLE{Steinwart03,
  author = {I. Steinwart},
  title = {Sparseness of support vector machines},
  journal = {Journal of Machine Learning Research},
  year = {2003},
  volume = {4},
  pages = {1071--1105}
}

@INPROCEEDINGS{syed99incremental,
  author = {N. Syed and H. Liu and K. Sung},
  title = {Incremental learning with support vector machines},
  booktitle = {Proceedings of the Workshop on Support Vector Machines at the International
	Joint Conference on Articial Intelligence (IJCAI-99)},
  year = {1999}
}

@INPROCEEDINGS{tipping00relevance,
  author = {M. Tipping},
  title = {The relevance vector machine},
  booktitle = {Advances in Neural Information Processing Systems, San Mateo, CA},
  year = {2000},
  publisher = {Morgan Kaufmann}
}

@ARTICLE{fukuda,
  author = {O. Fukudaand T. Tsuji and M. Kaneko and A. Otsuka},
  title = {A Human-Assisting Manipulator Teleoperated by {EMG} Signals and Arm
	Motions},
  journal = {IEEE Transactions on Robotics and Automation},
  year = {2003},
  volume = {19},
  pages = {210--222},
  number = {2},
  month = {apr}
}

@ARTICLE{lwpr,
  author = {S. Vijayakumar and A. D'Souza and S. Schaal},
  title = {Incremental Online Learning in High Dimensions},
  journal = {Neural Computation},
  year = {2005},
  volume = {17},
  pages = {2602--2634}
}

@INPROCEEDINGS{wallraven:iccv03,
  author = { C. Wallraven and B. Caputo and A. Graf.},
  title = {Recognition with Local features: the kernel recipe},
  booktitle = {Proc. of ICCV'03}
}

@INPROCEEDINGS{Wolf1994,
  author = {Wolf, W. and Staude, C. and Appel, U.},
  title = {Enhanced onset detection accuracy ``reduces'' the electromechanical
	delay of distal muscles},
  booktitle = {Proc. 16th Annual International Conference of the IEEE Engineering
	Advances: New Opportunities for Biomedical Engineers Engineering
	in Medicine and Biology Society},
  year = {1994},
  pages = {392--393},
  month = {3--6 Nov. },
  doi = {10.1109/IEMBS.1994.411988},
  owner = {Tron},
  timestamp = {2008.09.03}
}

@ARTICLE{schoel06,
  author = {M. Wu and B. Sch\"olkopf and G. Bakir},
  title = {A Direct Method for Building Sparse Kernel Learning Algorithms},
  journal = {Journal of Machine Learning Research},
  year = {2006},
  volume = {7},
  pages = {603--624},
  month = {04}
}

@ARTICLE{zecca,
  author = {M. Zecca and S. Micera and M. C. Carrozza and P. Dario},
  title = {Control of Multifunctional Prosthetic Hands by Processing the Electromyographic
	Signal},
  journal = {Critical Reviews in Biomedical Engineering},
  year = {2002},
  volume = {30},
  pages = {459--485},
  number = {4--6}
}

@INPROCEEDINGS{zhang:cvpr06,
  author = {Hao Zhang and Alexander C. Berg and Michael Maire and Jitendra Malik},
  title = {SVM-KNN: discriminative nearest neighbor classification for visual
	category recognition},
  booktitle = {Proc. CVPR'06},
  year = {2006}
}

@MISC{LMD500,
  title = {Futek {LMD500} Medical Load Cell (Hand)},
  key = {Futek LMD500},
  year = {2008},
  url = {http://www.futek.com/product.aspx?stock=FSH00125&acc2=acc}
}

@MISC{zerowire,
  title = {Aurion ZeroWire {EMG} electrodes},
  key = {Aurion ZeroWire},
  year = {2008},
  url = {http://www.aurion.it}
}

@MISC{ottobock,
  title = {{Otto Bock} {MYOBOCK} {13E200=50} Electrodes },
  year = {2008},
  key = {OttoBockel},
  url = {http://www.ottobockus.com/products/upper_limb_prosthetics/myoelectric_hands_myobockr.asp}
}

@MISC{sensorhand,
  title = {{Otto Bock} {SensorHand} Hand Prosthesis},
  year = {2008},
  key = {OttoBockhand},
  url = {http://www.ottobockus.com/products/upper_limb_prosthetics/myoelectric_hands_sensorhand.asp}
}

@MISC{mchand,
  title = {Motion Control Hand Prosthesis},
  year = {2008},
  key = {mchand},
  url = {http://utaharm.com}
}

@MISC{cyberhandWS,
  title = {The {CyberHand} project},
  year = {2007},
  key = {CyberHand},
  url = {http://www.cyberhand.org}
}

@MISC{ilimb,
  title = {The {i-Limb} system},
  year = {2007},
  key = {i-Limb},
  url = {http://www.touchbionics.com}
}

@MISC{nidaq,
  title = {{National Instruments} {PCI-6023E} data sheet},
  year = {2007},
  key = {NIDAQ},
  url = {http://www.ni.com/pdf/products/us/4daqsc202-204_ETC_212-213.pdf}
}

@MISC{ofts,
  title = {{SpaceControl GmbH} {Optical Force-Torque Sensor} leaflet},
  year = {2007},
  key = {OFTS},
  url = {http://spacecontrol.de/}
}

@INPROCEEDINGS{ButFisGre2004,
  author = {J. Butterfass and M. Fischer and M. Grebenstein},
  title = {Design and Experiences with {DLR} {Hand} {II}},
  booktitle = {Proceedings of the World Automation Congress, Seville, Spain},
  volume = {5},
  year = {2004},
  pages = {105---110}
}

@Article{fukuda,
  author =       {O. Fukuda and T. Tsuji and M. Kaneko and A. Otsuka},
  title =        {A Human-Assisting Manipulator Teleoperated by {EMG} Signals and Arm Motions},
  journal =      {IEEE Transactions on Robotics and Automation},
  year =         {2003},
  volume =    {19},
  number =    {2},
  pages =     {210--222},
  month =     {apr},
}

@ARTICLE{chan2005,
	title={Continuous myoelectric control for powered prostheses using hidden Markov models},
	author={Chan, A.D.C. and Englehart, K.B.},
	journal={Biomedical Engineering, IEEE Transactions on},
	year={2005},
	month={Jan. },
	volume={52},
	number={1},
	pages={121-124},
}

@article{deluca97,
	author = {De Luca, Carlo J.},
	journal = {Journal of Applied Biomechanics},
	number = {2},
	pages = {135--163},
	title = {The use of surface electromyography in biomechanics},
	volume = {13},
	year = {1997}
}

@Misc{deluca02,
	author = {De Luca, Carlo J.},
	title =  {Surface Electromyography: Detection and Recording},
	year =  {2002},
	note =  {Copyright 2002 by {DelSys, Inc.}},
}

@Article{bottomley65,
  author = 	 {A. H. Bottomley},
  title = 	 {Myoelectric control of powered prostheses},
  journal = 	 {J Bone Joint Surg},
  year = 	 {1965},
  volume = 	 {B47},
  pages = 	 {411---415},
}

@Article{englehart06,
  author = 	 {Parker, P. A. and Englehart, K. and Hudgins, B.},
  title = 	 {Myoelectric signal processing for control of powered limb prostheses},
  journal = 	 {Journal of electromyography and kinesiology},
  year = 	 {2006},
  volume = 	 {16},
  number=	 {6},
  pages = 	 {541---548},
}

@inproceedings{childress69,
	author = {Childress, D. A.},
	title =  {A myoelectric three-state controller using rate sensitivity},
	year =  {1969},
	booktitle =  {Proceedings 8th ICMBE, Chicago, IL},
  pages = 	 {4---5},
}

@Article{englehart01,
  author = 	 {Englehart, K. and Hudgins, B. and Parker, P. A.},
  title = 	 {A wavelet based continuous classification scheme for multifunction myoelectric control},
  journal = 	 {IEEE Trans Biomed Eng},
  year = 	 {2001},
  volume = 	 {48},
  number=	 {3},
  pages = 	 {302---311},
}

@article{cyberhand,
  author =       {Carrozza, M.C. and Cappiello, G. and Micera, S. and Edin, B. B. and Beccai, L. and Cipriani, C.},
  title =        {Design of a cybernetic hand for perception and action},
  journal =      {Biological Cybernetics},
  year =         {2006},
  volume =       {95},
  number=	 {6},
  pages =     {629---644},
}

@article{sebelius,
  author =       {Sebelius, F. C. P. and Ros\'en, B. N and Lundborg, G. N.},
  title =        {Refined Myoelectric Control in Below-Elbow Amputees Using
                  Artificial Neural Networks and a Data Glove},
  journal =      {Journal of Hand Surgery},
  year =         {2005},
  volume =       {30A},
  number=	 {4},
  pages =     {780---789},
}

@article{cipriani,
	author = {Cipriani, C. and Zaccone, F. and Micera, S. and Carrozza, M. C.},
	title = {On the Shared Control of an {EMG}-Controlled Prosthetic Hand:
		 Analysis of User Prosthesis Interaction},
	journal = {IEEE Transactions on Robotics},
	number = {1},
	volume = {24},
	year = {2008}
}

@article{englehart08,
	author = {Jiang, N. and Englehart, K. and Parker, P.},
	title = {Extracting Simultaneous and Proportional Neural Control Information for Multiple Degree of
		 Freedom Prostheses From the Surface Electromyographic Signal},
	journal = {IEEE Transactions on Biomedical Engineering},
	year = {2008},
	note = {To appear.}
}

@Book{ott,
  author =  {Christian Ott},
  title =   {Cartesian impedance control of redundant and flexible-joint robots},
  publisher =   {Springer-Verlag},
  year =    {2008},
  series = {Springer Tracts in Advanced Robotics (STAR)},
  volume = {49},
  isbn = {978-3-540-69253-9}
}

@article{sears,
	author = {Sears, H. H. and Shaperman, J.},
	title = {Proportional myoelectric hand control: an evaluation},
	journal = {Am J Phys Med Rehabil},
	year = {1991},
  volume =       {70},
  month	=	 {feb},
  pages =     {20---28},
}

@article{meek1,
	author = {Engeberg, E. D. and Meek, S. G. and Minor, M. A.},
	title = {Hybrid force-velocity sliding mode control of a prosthetic hand},
	journal = {IEEE Transactions on Biomedical Engineering},
	year = {2008},
  volume =       {55},
  number=	 {5},
  pages =     {1572---1581},
}

@article{meek2,
	author = {Engeberg, E. D. and Meek, S.},
	title = {Improved grasp force sensitivity for prosthetic hands through force-derivative feedback},
	journal = {IEEE Transactions on Biomedical Engineering},
	year = {2008},
  volume =       {55},
  number=	 {2(2)},
  pages =     {817---821},
}

@inproceedings{thomas,
	author = {Wimboeck, T. and Ott, C. and Albu-Sch\"affer, A. and Kugi, A. and Hirzinger, G.},
	title = {Impedance Control for Variable Stiffness Mechanisms with Nonlinear Joint Coupling},
	booktitle = {Proceedings of the 2008 IEEE/RSJ Intl. Conf. on Intelligent Robots and Systems, Nice, France},
  pages =     {3796---3803},
  year = {2008}
}

@article{tsukamoto,
	author = {Tsukamoto, M. and Kondo, T. and Ito, K.},
	title = {A Prosthetic Hand Control Based on Nonstationary {EMG} at the Start of Movement},
	journal = {Journal of Robotics and Mechatronics},
	year = {2007},
  volume =       {19},
  number=	 {4},
  pages =     {381---387},
}

@article{pascual,
  author =       {Hamilton, R. H. and Pascual-Leone, A.},
  title =        {Cortical plasticity associated with {Braille} learning},
  journal =      {Trends in Cognitive Sciences},
  year =         {1998},
  volume =       {2},
  number=	 {5},
  pages =     {168---174},
}

@article{sirigu1,
  author =       {Mercier, C. and Reilly, K. T. and Vargas, C. D. and Aballea, A. and Sirigu, A.},
  title =        {Mapping phantom movement representations in the motor cortex of amputees},
  journal =      {Brain},
  year =         {2006},
  volume =       {129},
  pages =     {2202---2210},
}

@article{sirigu2,
  author =       {Reilly, K. T. and Mercier, C. and Schieber, M. H. and Sirigu, A.},
  title =        {Persistent hand motor commands in the amputees' brain},
  journal =      {Brain},
  year =         {2006},
  volume =       {129},
  pages =     {2211---2223},
}

@article{ramos,
  author =       {Tenore, F. and Ramos, A. and Fahmy, A and Acharya, S. and
  		  Etienne-Cummings, R. and Thakor, N. V.},
  title =        {Decoding of individuated finger movements using surface Electromyography},
  journal =      {IEEE transactions on bio-medical engineering},
  year =         {2009},
  volume =       {56},
  number = {5},
  pages = {1427---1434}
}

@article{kampas,
  author =       {Kampas, P.},
  title =        {The optimal use of myoelectrodes},
  journal =      {Medizinisch-Orthop\"adische Technik},
  year =         {2001},
  volume =       {121},
  number = {1},
  pages = {21---27},
  note = {English translation from the German of ``Myoelektroden -- optimal eingesetzt''}
}

@article{Hoozemans05,
	title = {Prediction of handgrip forces using surface {EMG} of forearm muscles},
	journal = {Journal of Electromyography and Kinesiology},
	volume = {15},
	number = {4},
	pages = {358---366},
	year = {2005},
	author = {Hoozemans, M. J. M. and van Die\"en, J. H.}
}
