@Book{v-edbed-82,
  author =	{Vladimir N. Vapnik},
  title =	{Estimation of Dependences Based on Empirical Data},
  publisher =	{Springer-Verlag},
  address =	{New York},
  year = 	{1982},
}

@article{DownsGM01,
  author = {Tom Downs and Kevin E. Gates and Annette Masters},
  title = {Exact Simplification of Support Vectors Solutions},
  journal = {Journal of Machine Learning Research},
  volume = 2,
  pages = {293--297}, 
  year = 2001
}

@InProceedings{EngelMM02sparse,
  author = {Y. Engel and S. Mannor and R. Meir},
  title = {Sparse online greedy support vector regression},
  booktitle = {Proc. 13th European Conference on Machine Learning},
  year = 2002
}

@article{KeerthiCDC06,
  author = {S. Sathiya Keerthi and Olivier Chapelle and Dennis DeCoste},
  title = {Building Support Vector Machines with Reduced Classifier Complexity},
  journal = {Journal of Machine Learning Research},
  volume = 8,
  pages = {1--22}, 
  year = 2006
}

@article{Burges98,
  author = {Christopher J. C. Burges},
  title = {A Tutorial on Support Vector Machines for Pattern Recognition},
  journal = {Knowledge Discovery and Data Mining},
  volume = 2,
  number = 2,
  year = 1998
}

@inproceedings{BurgesC99,
  author    = {Christopher J. C. Burges and David J. Crisp},
  title     = {Uniqueness of the SVM Solution},
  booktitle = {NIPS},
  year      = {1999},
  pages     = {223-229},
}


@inproceedings{CauwenberghsP00,
  author    = {Gert Cauwenberghs and Tomaso Poggio},
  title     = {Incremental and Decremental Support Vector Machine Learning},
  booktitle = {NIPS},
  year      = {2000},
  pages     = {409-415},
}

@article{KeerthiDC05,
  author = {S. Sathiya Keerthi and Dennis DeCoste},
  title = {A modified finite Newton method for fast solution of large scale linear {SVM}s},
  journal = {Journal of Machine Learning Research},
  volume = 6,
  pages = {341--361}, 
  year = 2005
}

@article{Steinwart03,
  author = {I. Steinwart},
  title = {Sparseness of support vector machines},
  journal = {Journal of Machine Learning Research},
  volume = 4,
  pages = {1071--1105}, 
  year = 2003
}

@article{CoxOS90,
  author = {D. Cox and F. O'Sullivan},
  title = {Asymptotic analysis of penalized likelihood and related estimators},
  journal = {Ann. Statist.},
  volume = 18,
  pages = {1676--1695}, 
  year = 1990
}

@article{KimeldorfW70,
  author = {G. Kimeldorf and G. Wahba},
  title = {A correspondence between Bayesian estimation of stochastic processes and smoothing by splines},
  journal = {Ann. Math. Statist.},
  volume = 41,
  pages = {495--502}, 
  year = 1970
}

@inproceedings{LeeM01,
  author    = {Y. J. Lee and O. L. Mangasarian},
  title     = {{RSVM}: Reduced support vector machines},
  booktitle = {Proceedings of the SIAM International Conference on Data Mining},
  year      = {2001}
}

@article{PontilV98,
  author = {Massimiliano Pontil and Alessandro Verri},
  title = {Properties of Support Vector Machines},
  journal = {Neural Computation},
  volume = 10,
  pages = {955-974}, 
  year = 1998
}

@manual{ChangL01,
  author =	 {Chih-Chung Chang and Chih-Jen Lin},
  title =	 {{LIBSVM}: a library for support vector machines},
  year =	 {2001},
  note =	 {Software available at \url{http://www.csie.ntu.edu.tw/~cjlin/libsvm}}
}

@book{Cristianini00,
 author = {Nello Cristianini and John Shawe-Taylor},
 title = {An introduction to support Vector Machines: and other kernel-based learning methods},
 year = {2000},
 isbn = {0-521-78019-5},
 publisher = {Cambridge University Press},
 address = {New York, NY, USA},
}

@InProceedings{BGV92,
  author =       {Boser, B. E. and Guyon, I. M. and Vapnik, V. N.},
  title =        {A training algorithm for optimal margin classifiers},
  booktitle =    {Proceedings of the 5th Annual ACM Workshop on Computational Learning Theory},
  pages =        {144--152},
  year =         {1992},
  editor =       {D. Haussler},
  publisher =    {ACM press},
}

@article{schoel06,
   author = {M. Wu and B. Sch\"olkopf and G. Bakir},
   title = {A Direct Method for Building Sparse Kernel Learning Algorithms},
   year = {2006},
   volume = {7},
   pages = {603--624},
   month = {04},
   journal = {Journal of Machine Learning Research},
}

@InProceedings{syed99incremental,
  author =       {N. Syed and H. Liu and K. Sung},
  title =        {Incremental learning with support vector machines},
  booktitle =    {Proceedings of the Workshop on Support Vector Machines at the
                  International Joint Conference on Artificial Intelligence (IJCAI-99)},
  year =         {1999},
}

@Article{csat'o01sparse,
  author =       {L. Csat\'o and M. Opper},
  title =        {Sparse representation for Gaussian process models},
  journal =      {Advances in Neural Information Processing Systems},
  year =         {2001},
  volume =       {13},
}

@InProceedings{babybotHum2005,
  author =       {L. Natale and F. Orabona and F. Berton and G. Metta and G. Sandini},
  title =        {From sensorimotor development to object perception},
  booktitle = {Proceedings of the International Conference on Humanoid Robotics, Humanoids 2005},
  year =      {2005},
}

@Article{VonHofsten2004,
  author =       {Claes Von Hofsten},
  title =        {An action perspective on motor development},
  journal =      {{TRENDS} in Cognitive Science},
  year =         {2004},
  key =       {},
  volume =    {8},
  number =    {6},
  pages =     {266--272},
  month =     {Jun},
}

@article{SmolaTut2004,
 author = {Alex J. Smola and Bernhard Sch\"olkopf},
 title = {A tutorial on support vector regression},
 journal = {Statistics and Computing},
 volume = {14},
 number = {3},
 year = {2004},
 issn = {0960-3174},
 pages = {199--222},
 doi = {http://dx.doi.org/10.1023/B:STCO.0000035301.49549.88},
 publisher = {Kluwer Academic Publishers},
 address = {Hingham, MA, USA},
}

@Article{KLAsympt,
  author =       {S. Sathiya Keerthi and Chih-Jen Lin},
  title =        {Asymptotic Behaviors of Support Vector Machines with Gaussian Kernel},
  journal =      {Neural Computation},
  year =         {2003},
  volume =    {15},
  pages =     {1667--1689},
}

@article{schaal98constructive,
    author = "Stefan Schaal and Christopher G. Atkeson",
    title = "Constructive Incremental Learning from Only Local Information",
    journal = "Neural Computation",
    volume = "10",
    number = "8",
    pages = "2047-2084",
    year = "1998",
}

@PhdThesis{NatalePhD,
  author =       {Lorenzo Natale},
  title =        {Linking action to perception in a humanoid robot:
                  a developmental approach to grasping},
  school =       {DIST --- University of Genova, Italy},
  year =         {2004},
}

