% --------------------------------
% under review
% --------------------------------

@Unpublished{2009.BioCyb,
  author = 	 {C. Castellini and A. E. Fiorilla and G. Sandini},
  title = 	 {Multi-subject / Daily-Life Activity {EMG}-based control of mechanical hands},
  year = 	 {2009},
  note = 	 {submitted to \emph{Biological Cybernetics}}
}

% --------------------------------
% papers in peer-reviewed journals
% --------------------------------

@Article{2008.JEMR,
  author = 	 {C. Castellini},
  title = 	 {Gaze Tracking in Semi-autonomous Grasping},
  journal = 	 {Journal of Eye Movement Research},
  year = 	 {2008},
  note = 	 {to appear}
}

@Article{2008.BioCyb,
  author = 	 {C. Castellini and P. van der Smagt},
  title = 	 {Surface {EMG} in Advanced Hand Prosthetics},
  journal = 	 {Biological Cybernetics},
  year = 	 {2008},
  note = 	 {to appear}
}

@Article{2007.AR,
  author =       {C. Castellini and F. Orabona and G. Metta and G. Sandini},
  title =        {Internal Models of Reaching and Grasping},
  journal =      {Advanced Robotics},
  year =         {2007},
  volume =       {21},
  number =       {13},
  pages =        {1545---1564},
  note =         {},
  PDF =          {2007.AR.pdf},
  contrib =      {*}
}

@Article{2005.JAR,
  author =       {A. Armando and C. Castellini and E. Giunchiglia and M. Maratea},
  title =        {The SAT-based Approach to Separation Logic},
  journal =      {Journal of Automated Reasoning},
  year =         {2005},
  volume =       {35},
  number =       {1},
  pages =        {237---263},
  note =         {},
  PDF =          {2005.JAR.pdf},
  contrib =      {*}
}

@Article{2005.AIIA,
  author =       {C. Castellini},
  title =        {Automated Reasoning in Quantified Modal and Temporal Logics},
  journal =      {Intelligenza Artificiale},
  year =         {2005},
  volume =       {2},
  number =       {4},
  pages =        {13---20},
  note =         {A <a href=2005.AIComms.pdf>shorter summary</a> appears in <i>AI Communications</i> vol. 19(2), pp. 183-185, 2006},
  PDF =          {2005.AIIA.pdf},
  contrib =      {*}
}

@Article{2003.AI.pdf,
  author =       {C. Castellini and E. Giunchiglia and A. Tacchella},
  title =        {{SAT}-based Planning in Complex Domains: Concurrency, Constraints and Nondeterminism},
  journal =      {Artificial Intelligence},
  year =         {2003},
  volume =       {147},
  number =       {1-2},
  pages =        {85---117},
  note =         {},
  PDF =          {2003.AI.pdf},
  contrib =      {***}
}

@Article{2002.IGPL,
  author =       {C. Castellini and A. Smaill},
  title =        {A Systematic Presentation of Quantified Modal Logics},
  journal =      {Logic Journal of the IGPL},
  year =         {2002},
  volume =       {10},
  number =       {6},
  pages =        {571---599},
  note =         {},
  PDF =          {2002.IGPL.pdf},
  contrib =      {*}
}

% --------------------------------
% book chapters
% --------------------------------

@InBook{2005.SIEKMANN,
  author =       {A. Armando and C. Castellini and E. Giunchiglia and F. Giunchiglia and A. Tacchella},
  title =        {{SAT}-based Decision Procedures for Automated Reasoning: a Unifying Perspective},
  publisher =    {Springer-Verlag},
  year =         {2005},
  volume =       {2605},
  series =       {LNCS},
  pages =        {46---58},
  PDF =          {2005.SIEKMANN.pdf},
  contrib =      {****}
}

% --------------------------------
% papers in peer-reviewed conferences
% --------------------------------

@InProceedings{2008.ICRA,
  author =       {C. Castellini and P. van der Smagt and G. Sandini and G. Hirzinger},
  title =        {Surface {EMG} for Force Control of Mechanical Hands},
  booktitle =    {Proceedings of {ICRA}-08 - International Conference on Robotics and Automation},
  year =         {2008},
  note =         {To appear},
  PDF =          {2008.ICRA.pdf},
  contrib =      {*}
}

@InProceedings{2007.BMVC,
  author =       {F. Orabona and C. Castellini and B. Caputo and J. Luo and G. Sandini},
  title =        {Indoor place recognition using Online Independent Support Vector Machines},
  booktitle =    {Proceedings of {BMVC}-07 - British Machine Vision Conference},
  pages =        {1090---1099},
  year =         {2007},
  publisher =    {{BMVA} - British Machine Vision Association},
  PDF =          {2007.BMVC.pdf},
  contrib =      {***}
}

@InProceedings{2006.COGAIN,
  author =       {C. Castellini and G. Sandini},
  title =        {Gaze tracking for robotic control in intelligent teleoperation and prosthetics},
  booktitle =    {Proceedings of {COGAIN}-06 - Communication via Gaze Interaction},
  pages =        {73---77},
  year =         {2006},
  PDF =          {2006.COGAIN.pdf},
  contrib =      {*}
}

@InProceedings{2005.CADE,
  author =       {C. Castellini and A. Smaill},
  title =        {Proof Planning for First-Order Temporal Logic},
  booktitle =    {Proceedings of {CADE}-05 - International Conference on Automated Deduction},
  pages =        {235---249},
  year =         {2005},
  volume =       {3632},
  series =       {LNCS},
  publisher =    {Springer-Verlag},
  PDF =          {2005.CADE.pdf},
  contrib =      {*}
}

@InProceedings{2005.PDPAR,
  author =       {A. Armando and C. Castellini and E. Giunchiglia and M. Idini and M. Maratea},
  title =        {{TSAT++}: an Open Platform for Satisfiability Modulo Theories},
  booktitle =    {Proceedings of {PDPAR}-04 - Pragmatics of Decision Procedures in Automated Reasoning},
  pages =        {25---36},
  year =         {2005},
  volume =       {125},
  number =       {3},
  series =       {ENTCS},
  PDF =          {2005.PDPAR.pdf},
  contrib =      {*}
}

@InProceedings{2005.SAT,
  author =       {A. Armando and C. Castellini and E. Giunchiglia and M. Maratea},
  title =        {A {SAT}-based Decision Procedure for the Boolean Combination of Difference Constraints},
  booktitle =    {Proceedings of {SAT}-04 - International Conference on Theory and Applications of Satisfiability Testing},
  pages =        {16---29},
  year =         {2005},
  volume =       {3542},
  series =       {LNCS},
  publisher =    {Springer-Verlag},
  PDF =          {2005.SAT.pdf},
  contrib =      {*}
}

@InProceedings{2004.ICFEM,
  author =       {A. Armando and C. Castellini and J. Mantovani},
  title =        {Software Model Checking Using Linear Constraints},
  booktitle =    {Proceedings of {ICFEM}-04 - Intenational Conference on Formal Engineering Methods},
  pages =        {209---223},
  year =         {2004},
  volume =       {3308},
  series =       {LNCS},
  publisher =    {Springer-Verlag},
  PDF =          {2004.ICFEM.pdf},
  contrib =      {***}
}

@InProceedings{2002.LPAR,
  author =       {C. Castellini and A. Smaill},
  title =        {Proof Planning for Feature Interactions: a Preliminary Report},
  booktitle =    {Proceedings of {LPAR}-02 - Logic for Programming Artificial Intelligence and Reasoning},
  pages =        {102---114},
  year =         {2002},
  volume =       {2514},
  series =       {LNCS},
  publisher =    {Springer-Verlag},
  PDF =          {2002.LPAR.pdf},
  contrib =      {*}
}

@InProceedings{2001.ECP,
  author =       {C. Castellini and E. Giunchiglia and A. Tacchella},
  title =        {Improvements to SAT-based Conformant Planning},
  booktitle =    {Proceedings of {ECP}-01 - European Conference on Planning},
  pages =        {241---252},
  year =         {2001},
  PDF =          {2001.ECP.pdf},
  contrib =      {***}
}

@InProceedings{2000.ICTL,
  author =       {C. Castellini and A. Smaill},
  title =        {A Modular, Tactic-based Approach to First-Order Temporal Theorem Proving},
  booktitle =    {Proceedings of {ICTL}-00 - International Conference on Temporal Logic},
  year =         {2000},
  PDF =          {2000.ICTL.pdf},
  contrib =      {*}
}

@InProceedings{2000.ECP,
  author =       {A. Armando and C. Castellini and E. Giunchiglia},
  title =        {{SAT}-based Decision Procedures for Temporal Reasoning},
  booktitle =    {Proceedings of {ECP}-99 - European Conference on Planning},
  pages =        {97---108},
  year =         {2000},
  volume =       {1809},
  series =       {LNCS},
  publisher =    {Springer-Verlag},
  PDF =          {2000.ECP.pdf},
  contrib =      {***}
}

% --------------------------------
% other papers
% --------------------------------

@Misc{2008.Neurorob,
  author = 	 {C. Castellini and E. Gruppioni and A. Davalli and G. Sandini},
  title = 	 {{EMG}-driven hand prosthetics: initial results on a patient},
  month = 	 {jun},
  year = 	 {2008},
  note = 	 {poster at Recent Advances in Neuro-robotics Symposium, Freiburg, Germany}
}

@Misc{2008.GNB,
  author = 	 {C. Castellini and E. Fiorilla and G. Sandini},
  title = 	 {Multi-subject/{DLA} analysis of surface {EMG} control of mechanical hands},
  month = 	 {jun},
  year = 	 {2008},
  note = 	 {poster at the 1st Italian Bioengineerings Group Congress},
}

@Misc{2007.ASSC,
  author =       {A. Pasquali and C. Castellini and V. Gaillard and F. Orabona and G. Metta and A. Cleeremans},
  title =        {Developmental learning in non-markovian processes: premises of a new biologically plausible cognitive architecture},
  year =         {2007},
  note =         {poster at the 11th annual meeting of the Association for the Scientific Study of Consciousness, Las Vegas (USA)},
  PDF =          {2007.ASSC.pdf},
}

@InProceedings{2007.CLEA,
  author =       {C. Castellini and G. Sandini},
  title =        {Learning when to grasp},
  year =         {2007},
  note =         {Presented at {ICRA}-07 in workshop Concept Learning for Embodied Agents},
  PDF =          {2007.CLEA.pdf},
}

@Misc{2006.CCKM,
  author =       {F. Orabona and C. Castellini and G. Sandini},
  title =        {Online Independent Support Vector Machines},
  year =         {2006},
  note =         {poster at workshop Current Challenges in Kernel Methods, Brussels, Belgium},
  PDF =          {2007.ASSC.pdf},
}

@InProceedings{2003.Robocare,
  author =       {A. Armando and C. Castellini and E. Giunchiglia and M. Maratea},
  title =        {Effective Reasoning Techniques for Temporal Reasoning},
  year =         {2003},
  note =         {Presented at the I RoboCare workshop, Rome, Italy},
}

@InProceedings{2001.IJCAR,
  author =       {C. Castellini and A. Smaill},
  title =        {Tactic-based Theorem Proving in First-Order Modal and Temporal Logics},
  year =         {2001},
  note =         {Presented at {IJCAR}-01, workshop #10},
  PDF =          {2001.IJCAR.pdf},
}

@InProceedings{2001.IJCAI,
  author =       {C. Castellini and E. Giunchiglia and A. Tacchella},
  title =        {{C-Plan}: a Conformant Planner based on Satisfiability},
  year =         {2001},
  note =         {Presented at {IJCAI}-01, workshop {PRO}-2: Planning under Uncertainty and Incomplete Information},
  PDF =          {2001.IJCAI.pdf},
}

% --------------------------------
% technical reports
% --------------------------------

@TechReport{2007.TR_OISVM,
  author =       {F. Orabona and C. Castellini and B. Caputo and L. Jie and G. Sandini},
  title =        {On-line Independent Support Vector Machines for Cognitive Systems},
  institution =  {IDIAP},
  year =         {2007},
  number =       {IDIAP-RR 07-63},
  PDF =          {2007.TR_OISVM.pdf},
}

@TechReport{2006.TR_IISVM,
  author =       {F. Orabona and C. Castellini},
  title =        {Trading Accuracy for Size: Online Small {SVM}s via Linear Independence in the Feature Space},
  institution =  {{LIRA}-Lab},
  year =         {2006},
  PDF =          {2007.TR_OISVM.pdf}
}

% --------------------------------
% theses
% --------------------------------

@PhdThesis{2005.PhDThesis,
  author =       {C. Castellini},
  title =        {Automated Reasoning for Quantified Modal and Temporal Logics},
  school =       {School of Informatics, University of Edinburgh, UK},
  year =         {2005},
  PDF =          {2007.PhDThesis.pdf},
  note =         {Awarded Best Italian Ph.D. Thesis 2005 by {AIIA} (Artificial Intelligence Italian Association)}
}

@MastersThesis{1998.MsCThesis,
  author =       {C. Castellini},
  title =        {Sviluppo ed analisi sperimentale di procedure di decisione per l'Aritmetica Lineare
 (Development and experimental analysis of decision procedures for Linear Arithmetic)},
  school =       {{DIST} - University of Genova, Italy},
  year =         {1998},
  PDF =          {1998.MsCThesis.pdf}
}
