% CARMEN Paper
@InProceedings{roy03IROS,
  author = 	 {Michael Montemerlo and Nicholas Roy and Sebastian Thrun},
  title = 	 {Perspectives on Standardization in Mobile Robot Programming:
                  The {C}arnegie {M}ellon {N}avigation ({CARMEN}) {T}oolkit},
  booktitle = 	 {Proceedings of the IEEE/RSJ International Conference on
                  Intelligent Robots and Systems (IROS 2003)},
  pages =	 {2436-2441},
  year =	 {2003},
  volume =	 {3},
  address =	 {Las Vegas, NV},
  month =	 {October},
}

@misc{dcom,
author={Internet Site},
title={COM: Component Object Model Technologies},
note={http://www.microsoft.com/com/},
}

@misc{grid,
author={Internet Site},
title={Grid computing research},
note={http://www.grid.org},
}

@article{actuator,
   author = {E. Torres-Jara and J. Banks},
   title = {A simple and scalable force actuator},
   journal = {35th International Symposioum on Robotics},
   month = {March},
   year = {2004}
}

@ARTICLE{Robinson,
  author = "D. Robinson and J. Pratt and D. Paluska and G. Pratt",
  title = "Series Elastic Actuator Development for a Biomimetic Robot",
  journal ={IEEE/ASME International Conference on Advanced Intelligent
Mechatronics},
  year = "1999"
}

@MASTERSTHESIS{Williamson,
 author={M. Williamson},
 title={Series Elastic Actuators},
 school={Massachusetts Institute of Technology, Cambridge, MA},
 year={1995}
}


%--------------------
%   Aaron paper
%--------------------
@InProceedings{AaronArm,
  author =       {Aaron Edsinger-Gonzales and Jeff Weber},
  title =        {Domo: A Force Sensing Humanoid Robot for Manipulation Research},
  booktitle =      {Proc. of the IEEE International Conf. on Humanoid Robotics},
  year =         {2004},
  month = {November},
  address = {Los Angeles}
}



@InProceedings{richmond00active,
  author = 	 {J. L. Richmond and D. K. Pai},
  title = 	 {Active Measurement and Modeling of Contact Sounds},
  booktitle =	 {Proc. of the IEEE Int. Conf. on Robotics and Automation},
  pages =	 {2146--2152},
  year =	 2000,
  address =	 {San Francisco},
  month =	 {April}
}


@InProceedings{fitzpatrick03learning,
  author = {Paul Fitzpatrick and Giorgio Metta and Lorenzo Natale and Sajit Rao and Giulio Sandini},
  title = {Learning about objects through action - initial steps towards artificial cognition},
  booktitle = {Proc. of the IEEE Internat'l Conf. on Robotics and Automation}, 
  address = {Taipei, Taiwan}, 
  month = {May},
  year = {2003}
}



@Article{fitzpatrick05reinforcing,
  author = 	 {Paul Fitzpatrick and Artur Arsenio and Eduardo R. Torres-Jara},
  title = 	 { Reinforcing robot perception of multi-modal events through repetition and redundancy and repetition and redundancy},
  journal = 	 {Interaction Studies Journal},
  year = 	 2005,
  note =	 {accepted for publication}
}


@InProceedings{fitzpatrick04power,
  author = 	 {Paul Fitzpatrick and Eduardo Torres-Jara},
  title = 	 {The power of the dark side: using cast shadows for visually-guided reaching},
  booktitle =      {Proceedings of the IEEE International Conference on Humanoid Robotics},
  year =         {2004},
  month = {November},
  address = {Los Angeles}
}


@InProceedings{natale04learning,
  author = 	 {L. Natale and G. Metta and G. Sandini},
  title = 	 {Learning haptic representation of objects},
  booktitle =	 {International Conference on Intelligent Manipulation and Grasping},
  year =	 2004,
  address =	 {Genoa, Italy},
  month =	 {July}
}

@Article{metta03early,
  author = 	 {Giorgio Metta and Paul Fitzpatrick},
  title = 	 {Early Integration of Vision and Manipulation},
  journal = 	 {Adaptive Behavior},
  year = 	 2003,
  volume = {11},
  number = {2},
  pages = {109--128}
}



@Article{femmam01perception,
  author = 	 {S. Femmam and N. K. M'Sirdi and A. Ouahabi},
  title = 	 {Perception and characterization of materials using signal processing techniques},
  journal = 	 {Instrumentation and Measurement},
  year = 	 2001,
  volume =	 50,
  number =	 5,
  pages =	 {1203--1211},
  month =	 {October}
}



@InProceedings{campos91exploratory,
  author = 	 {M. Campos and R. Bajcsy and V. Kumar},
  title = 	 {Exploratory procedures for material properties: the temperature perception},
  booktitle =	 {5th Int. Conf. on Advanced Robotics},
  pages =	 {205--210},
  year =	 1991,
  volume =	 1,
  month =	 {June}
}





@Article{lederman04haptic,
  author = 	 {S. J. Lederman and R. L. Klatzky},
  title = 	 {Haptic identification of common objects: Effects of constraining the manual exploration process},
  journal = 	 {Perception and Psychophysics},
  year = 	 2004,
  volume =	 66,
  pages =	 {618--628}
}

@Article{IdentifyingTouch,
  author = 	{R. L. Klatzky and S. J. Lederman and V. A. Metzger},
  title = 	{Identifying objects by touch: An expert system},
  journal = 	{Perception and Psychophysics},
  year = 	{1985},
  volume = 	{4},
  number =	{37},
  pages = 	{299-302},
  annote = 	{Supportinf reasons for using tactile sensing for object identifycation. Tactile information such as mass and texture. Subjects have 96% of accuracy.}
}

@Book{CutkoskyBook,
  author = 	{M. R. Cutkosky},
  title = 	{Robotic Grasping and Fine Manipulation},
  publisher =    {Kluwer},
  year = 	{1985},
  address = 	{Boston, MA},
  annote = 	{Book on Manupulation.}
}



@InCollection{johansson91how,
  author = 	 {R. S. Johansson},
  title = 	 {How is grasping modified by somatosensory input?},
  booktitle = 	 {Motor Control: Concepts and Issues},
  pages =	 {331--355},
  publisher =	 {John Wiley and Sons Ltd},
  year =	 1991,
  editor =	 {D. R. Humphrey and H J Freund},
  address =	 {Chichester}
}



@book{gamma95design,
  address = {Reading, MA, USA},
  title = {Design Patterns: Elements of Reusable Object-Oriented Software},
  author = {Erich Gamma and Richard Helm and Ralph Johnson and John Vlisside},
  publisher = {Addison-Wesley},
  year = {1995},
}

@Book{ACEBook,
  author =	 {Stephen D. Huston and James C. E. Johnson and Umar Syyid},
  title = 	 {The {ACE} Programmer's Guide},
  publisher = 	 {Addison-Wesley},
  year = 	 2003
}



@Article{vinoski97corba,
  author = 	 {S. Vinoski},
  title = 	 {{CORBA}: integrating diverse applications within distributed heterogeneous environments},
  journal = 	 {IEEE Communications},
  year = 	 1997,
  volume =	 35,
  number =	 2,
  pages =	 {46--55},
  month =	 {February}
}



@InCollection{bradski04open,
  author = 	 {Gary Bradski},
  title = 	 {Open Source Computer Vision Library},
  booktitle = 	 {Emerging Topics in Computer Vision},
  pages =	 {521--582},
  publisher =	 {Prentice Hall},
  year =	 2004,
  editor =	 {Gerard Medioni and Sing Kang}
}

@TechReport{brooks90behavior,
  author = 	 {R. A. Brooks},
  title = 	 {The Behavior Language; User's Guide},
  institution =  {Massachusetts Institute of Technology, Artificial Intelligence Laboratory},
  year = 	 1990,
  number =	 {AIM-1227},
  month =	 {April}
}

@Misc{soetens05orocos,
  author =	 {Peter Soetens},
  title =	 {The {O}rocos Open Realtime Control Services: {O}pen {RO}bot {CO}ntrol {S}oftware 0.20.0},
  year =	 2005,
  note =	 {Available online at http://people.mech.kuleuven.be/~psoetens/orocos/ doc/orocos-manual.html}
}

