@MISC{YARP,
  author =       {Paul Fitzpatrick and Giorgio Metta and Lorenzo Natale},
  title =        {{YARP}: {Y}et {A}nother {R}obotic {P}latform},
  howpublished = {http://yarp0.sourceforge.net/},
  year = 2004
}

@InProceedings{fitzpatrick03learning,
  author = {Paul Fitzpatrick and Giorgio Metta and Lorenzo Natale and Sajit Rao and Giulio Sandini},
  title = {Learning about objects through action - initial steps towards artificial cognition},
  booktitle = {Proc. of the IEEE Internat'l Conf. on Robotics and Automation},
  address = {Taipei, Taiwan},
  month = {May},
  year = {2003}
}

@Article{fitzpatrick05reinforcing,
  author =   {Paul Fitzpatrick and Artur Arsenio and Eduardo R. Torres-Jara},
  title =    { Reinforcing robot perception of multi-modal events through repetition and redundancy and repetition and redundancy},
  journal =      {Interaction Studies Journal},
  year =     2005,
  note =     {accepted for publication}
}
@InProceedings{natale04learning,
  author =   {L. Natale and G. Metta and G. Sandini},
  title =    {Learning haptic representation of objects},
  booktitle =    {International Conference on Intelligent Manipulation and Grasping},
  year =     2004,
  address =  {Genoa, Italy},
  month =    {July}
}

@Article{femmam01perception,
  author =   {S. Femmam and N. K. M'Sirdi and A. Ouahabi},
  title =    {Perception and characterization of materials using signal processing techniques},
  journal =      {Instrumentation and Measurement},
  year =     2001,
  volume =   50,
  number =   5,
  pages =    {1203--1211},
  month =    {October}
}

@InProceedings{campos91exploratory,
  author =   {M. Campos and R. Bajcsy and V. Kumar},
  title =    {Exploratory procedures for material properties: the temperature perception},
  booktitle =    {5th Int. Conf. on Advanced Robotics},
  pages =    {205--210},
  year =     1991,
  volume =   1,
  month =    {June}
}

@Article{lederman04haptic,
  author =   {S. J. Lederman and R. L. Klatzky},
  title =    {Haptic identification of common objects: Effects of constraining the manual exploration process},
  journal =      {Perception and Psychophysics},
  year =     2004,
  volume =   66,
  pages =    {618--628}
}

@Article{IdentifyingTouch,
  author =  {R. L. Klatzky and S. J. Lederman and V. A. Metzger},
  title =   {Identifying objects by touch: An expert system},
  journal =     {Perception and Psychophysics},
  year =    {1985},
  volume =  {4},
  number =  {37},
  pages =   {299-302},
  annote =  {Supportinf reasons for using tactile sensing for object identifycation. Tactile information such as mass and texture. Subjects have 96% of accuracy.}
}

@InCollection{johansson91how,
  author =   {R. S. Johansson},
  title =    {How is grasping modified by somatosensory input?},
  booktitle =    {Motor Control: Concepts and Issues},
  pages =    {331--355},
  publisher =    {John Wiley and Sons Ltd},
  year =     1991,
  editor =   {D. R. Humphrey and H J Freund},
  address =  {Chichester}
}

@InProceedings{arsenio03whole,
  author =   {Artur Arsenio and Paul Fitzpatrick and Charles Kemp and Giorgio Metta},
  title =    {The Whole World in Your Hand: Active and Interactive Segmentation},
  booktitle =    {Proceedings of the Third International Workshop on Epigenetic Robotics},
  location = {Boston},
  year =     2003
}

@InProceedings{natale05developmental,
  author =   {L. Natale and G. Metta and G. Sandini},
  title =    {A developmental approach to grasping},
  booktitle =    {Developmental Robotics AAAI Spring Symposium},
  year =     2005,
  address =  {Stanford, CA},
  month =    {March}
}

@Article{arsenio05exploiting,
  author =   {Artur Arsenio and Paul Fitzpatrick},
  title =    {Exploiting amodal cues for robot perception},
  journal =      {International Journal of Humanoid Robotics},
  volume = 2,
  number = 2,
  pages = {1--19},
  year =     2005,
  note =     {in press}
}

@InProceedings{fitzpatrick03perception,
  author =   {Paul Fitzpatrick},
  title =    {Perception and Perspective in Robotics},
  year =     2003,
  note =     {Proceedings of the 25th annual meeting of the Cognitive Science Society}
}

@Article{brooks90elephants,
  author =   {R.~.A.~Brooks},
  title =    {Elephants Don't Play Chess},
  journal =      {Robotics and Autonomous Systems},
  year =     1990,
  volume =   6,
  pages =    {3--15}
}

@Article{bushnell93motor,
author = {E.W. Bushnell and J.P. Boudreau},
title = {Motor Development and the Mind: the Potential Role of Motor Abilities as
a Determinant of Aspects of Perceptual Development},
journal = {Child Dev.},
year = 1993,
volume = 64,
number = 4,
pages= {1005-21}
}

@Article{clifton94multimodal,
author = {R.K. Clifton and P. Rochat and D.J. Robin and N. E. Berthier},
title = {Multimodal Perception in the Control of Infant Reaching},
journal = {J Exp Psychol Hum Perform.},
year = 1994,
volume = 20,
number = 4,
pages= {876-86}
}

@Article{clifton93isvisually,
author = {R.K. Clifton and D.W. Muir, D.H. Ashmead, M.G. Clarkson},
title = {Is Visually Guided Reaching in Early Infancy a Myth?},
journal = {Child Dev.},
year = 1993,
volume = 64,
number = 4,
pages= {1099-110}
}

@Article{hofsten93thestructuring,
author = {C. von Hofsten, L. Ronnqvist},
title = {The Structuring of Neonatal Arm Movements},
journal = {Child Dev.},
year = 1993,
volume = 64,
number = 4,
pages= {1046-57}
}

@Article{hofsten82eye-hand,
author = {C. von Hofsten},
title = {Eye-Hand Coordination in the Newborn},
journal = {Dev. Psychology},
year = 1982,
volume = 18,
number = 3,
pages= {450-61}
}

@Article{meer95thefunctional,
author = {A.L. van der Meer and F.R. van der Weel and D.N. Weel},
title = {The Functional Significance of Arm Movements in Neonates},
journal = {Science},
year = 1995,
volume = 267,
pages= {693-5}
}

@Article{ashmead93visual,
author = {D.H. Ashmead and M.E. McCarty and L.S. Lucas and M.C. Belvedere},
title = {Visual Guidance in Infants' Reaching Toward Suddenly Displaced Targets},
journal = {Child Dev.},
year = 1993,
volume = 64,
number= 4,
pages= {1111-27}
}

@Article{lederman87hand,
  author =   {S. J. Lederman and R. L. Klatzky},
  title =    {Hand movements: A window into haptic object recognition},
  journal =      {Cognitive Psychology},
  year =     1987,
  volume =   19,
  number =   3,
  pages =    {342--368}
}

@article{graziano99whereis,
   Author = {Graziano, M.S.A.},
   Title = {Where is my arm? The relative role of vision and proprioception in the neuronal representation of limb position},
   Journal = {Proceedings of the National Academy of Science},
   Volume = {96},
   Pages = {10418-10421},
 Year = {1999} }

@article{graziano00coding,
   Author = {Graziano, M.S.A. and Cooke, D.F. and Taylor, C.S.R.},
   Title = {Coding the location of the arm by sight},
   Journal = {Science},
   Volume = {290},
   Pages = {1782-1786},
 Year = {2000} }

@PhdThesis{fitzpatrick03thesis,
  author =   {Paul Fitzpatrick},
  title =    {From First Contact to Close Encounters: A developmentally deep perceptual system for a humanoid robot},
  school =   {Massachusetts Institute of Technology},
  address = {Cambridge, MA},
  year =     {2003},
  note = {Also available as MIT Artificial Intelligence Laboratory technical report AITR-2003-008}
}

@PhdThesis{natale04thesis,
  author =   {Lorenzo Natale},
  title =    {Linking Action to Perception in a Humanoid Robot: a Developmental Approach to Grasping},
  school =   {University of Genoa},
  address = {Genoa, Italy},
  year =     {2004},
}

@InProceedings{natale05exploring,
  author = 	 {L. Natale and F. Orabona and G. Metta and G. Sandini},
  title = 	 {Exploring the world through grasping: a developmental approach},
  booktitle =	 {Proceedings of the 6th CIRA Symposium},
  year =	 2005,
  address =	 {Espoo, Finland},
  month =	 {June}
}

@inproceedings{yoshikawa03doestheinvariance,
   Author = {Yoshikawa, Yuichiro and Hosoda, Koh and Asada, Minoru},
   Title = {Does the invariance in multi-modalities represent the body scheme ? - a case study with vision and proprioception -},
   BookTitle = {2nd Intelligent Symposium on Adaptive Motion of Animals and Machines},
   Address= {Kyoto, Japan},
 Year = {2003} }

@inproceedings{fitzpatrick04feelthebeat,
   Author = {Fitzpatrick, P. and Arsenio, A.},
   Title = {Feel the beat: using cross-modal rhythm to integrate perception of objects, others and self},
   BookTitle = {Fourth International Workshop on Epigenetic Robotics},
   Address= {Genoa},
   Publisher = {Lund University Cognitive Studies},
   Volume = {117},
 Year = {2004} }

@article{metta03early,
   Author = {Metta, G. and Fitzpatrick, P.},
   Title = {Early Integration of Vision and Manipulation},
   Journal = {Adaptive Behavior},
   Volume = {11},
   Number = {2},
   Pages = {109-128},
 Year = {2003} }

@article{saunders03humans,
   Author = {Saunders, J.A. and Knill, D.C.},
   Title = {Humans use continuous visual feedback from the hand to control fast reaching movements},
   Journal = {Experimental Brain Research},
   Volume = {152},
   Pages = {341-352},
 Year = {2003} }

@article{sandini80retinalike,
   Author = {Sandini, G. and Tagliasco, V.},
   Title = {An Anthropomorphic Retina-like Structure for Scene Analysis},
   Journal = {Computer Vision, Graphics and Image Processing},
   Volume = {14},
   Number = {3},
   Pages = {365-372},
   Year = {1980} }
   
@article{eckhorn88coherent,
   Author = {Eckhorn, R. and Bauer, R. and Jordan, W. and Brosch, M. and Kruse, M. and Munk, W. and Reitboeck., H. J.},
   Title = {Coherent oscillations: A mechanism of feature linking in the visual cortex?},
   Journal = {Biological Cybernetics},
   Volume = {60},
   Pages = {121-130},
   Year = {1988} }

@article{gray89oscillatory,
   Author = {Gray, C. M. and König, P. and Engel, A. K. and Singer, W.},
   Title = {Oscillatory responses in cat visual cortex exhibit inter-columnar synchronization which reflects global stimulus properties},
   Journal = {Nature},
   Volume = {338},
   Pages = {334-336},
 Year = {1989} }
 
@inproceedings{smet00rainfalling,
   Author = {Smet, Patrick De and Pires, Rui},
   Title = {Implementation and analysis of an optimized rainfalling watershed algorithm},
   BookTitle = {IS\&T/SPIE's 12th Annual Symposium Electronic Imaging 2000},
   Address= {San Jose, California, USA},
   Pages = {759-766},
 Year = {2000} }
 
@inproceedings{orabona05object,
   Author = {Orabona, Francesco and Metta, Giorgio and Sandini, Giulio},
   Title = {Object-based Visual Attention: a Model for a Behaving Robot},
   BookTitle = {3rd International Workshop on Attention and Performance in Computational Vision at the CVPR 2005},
   Address= {San Diego, CA, USA},
 Year = {2005} }

@article{driver00segmentation,
   Author = {Driver, Jon and Davis, Greg and Russell, Charlotte and Turatto, Massimo and Freeman, Elliot},
   Title = {Segmentation, attention and phenomenal visual objects},
   Journal = {Cognition},
   Volume = {80},
   Pages = {61-95},
 Year = {2001} }
