@INBOOK{tactilesensorssurvey,
  author  =      {Robert D. Howe and Mark R. Cutkosky},
  title =        {Touch Sensing for Robotic Manipulation and Recognition},
  pages =        {55-112},
  publisher =    {MIT Press},
  year =         {1992},
  series =       {The Robotics Review 2. O Khatib, J.J. Craig and T. Lozano-Perez},
  address =      {Cambridge, Massachusetts},
  annote =         {Tactile sensors review}
}
@ARTICLE{TactileSpecs,
  author =       {L. D. Harmon},
  title =        {Automated tactile sensing},
  journal =      {International Journal of Robotics Research},
  year =         {1982},
  volume =       {1},
  number =       {2},
  pages =        {3-32}
}
@ARTICLE{ContactFromForce,
  author =       {A. Bicchi and J.K. Salisbury and D.L. Brock},
  title =        {Contact Sensing from Force Measurements},
  journal =      {International Journal of Robotics Research},
  year =         {1993},
  volume =       {12},
  number =       {3},
  pages =        {249-262},
  month =        {June}
}

@inproceedings{obrero,
    author = {Eduardo Torres-Jara},
    title = {Obrero: A platform for sensitive manipulation},
    booktitle = {Proceedings of the IEEE-RAS International Conference on Humanoid Robots},
    year = {2005}
}


@ARTICLE{chu1,
  author =       {Z. Chu, P.M. Sarro, S. Middelhoek},
  title =        {Silicon Three-axial Tactile Sensor},
  journal =      {International Conference on Solid-State Sensors and Actuators},
  year =         {1995},
  volume =       {},
  number =       {},
  pages =        {},
  month =        {}
}

@ARTICLE{engel1,
  author =       {Jonathan Engel, Jack Chen, Chang Liu, Bruce R. Flachsbart, John C. Selby, Mark A.
Shannon},
  title =        {IDevelopment of Polyimide-based Flexible Tactile Sensing Skin},
  journal =      {Mat. Res. Soc. Symp. Proc.},
  year =         {2003},
  volume =       {736},
  number =       {},
  pages =        {},
  month =        {}
}

@ARTICLE{hellard1,
  author =       {Greg Hellard, Andrew Russell},
  title =        {A Robust, Sensitive and Economical Tactile Sensor for a Robotic Manipulator},
  journal =      {Australian Conference on Robotics and Automation},
  year =         {2002},
  volume =       {},
  number =       {},
  pages =        {},
  month =        {}
}


@ARTICLE{hristuy1,
  author =       {Dimitris Hristuy, Nicola Ferrier, Roger W. Brockett},
  title =        {The performance of a deformable membrane tactile sensor basic results on geometrically defined tasks},
  journal =      {Int'l Conf. on Robotics and Automation},
  year =         {2000},
  volume =       {},
  number =       {},
  pages =        {},
  month =        {}
}

@ARTICLE{jockusch1,
  author =       {Jan Jockusch, Jorg Walter, Helge Ritter},
  title =        {A Tactile Sensor System for a Three-Fingered Robot Manipulator},
  journal =      {Int. Conf. on Robotics and Automation},
  year =         {1997},
  volume =       {},
  number =       {},
  pages =        {},
  month =        {}
}


@ARTICLE{someya1,
  author =       {Takao Someya and Yusaku Kato and Tsuyoshi Sekitani and Shingo Iba and Yoshiaki Noguchi and Yousuke Murase and
Hiroshi Kawaguchi and Takayasu Sakurai},
  title =        {Conformable, flexible, large-area networks of pressure and thermal sensors with organic transistor active matrixes},
  journal =      {Proc. of National Academy of Sciences},
  year =         {2005},
  volume =       {},
  number =       {},
  pages =        {},
  month =        {August}
}
@ARTICLE{voyles1,
  author =       {Richard M. Voyles Jr. and Gary Fedder and Pradeelp K. Wlosla},
  title =        {Design of a Modular Tactile Sensor and Actuator Based on an Electrorheological Gel},
  journal =      {Int'l Conf. on Robotics and Automation},
  year =         {1996},
  volume =       {},
  number =       {},
  pages =        {},
  month =        {}
}
@ARTICLE{lang1,
  author =       {Pencilla Lang},
  title =        {Design and Prototyping of a Fibre Optic Tactile Array},
  journal =      {The Journal of High School Science},
  year =         {2002},
  month =        {November}
}
@ARTICLE{lang2,
  author =       {Pencilla Lang},
  title =        {Optical Tactile Sensors for Medical Palpation},
  journal =      {Canada-Wide Science Fair},
  year =         {2004},
  month =        {May}
}
@MANUAL{VersaPadManual,
  title =        {Integration Guide},
  organization = {Interlink Electronics, Inc},
  address =      {546 Flynn Road, Camarillo, CA 93012},
  year =         {1998},
  note =         {P/N 90-65801 Rev. C}

}
