@MISC{YARP,
  author =       {Paul Fitzpatrick and Giorgio Metta and Lorenzo Natale},
  title =        {{YARP}: {Y}et {A}nother {R}obotic {P}latform},
  howpublished = {http://yarp0.sourceforge.net/},
  year = 2004
}
@article{actuator,
   author = {E. Torres-Jara and J. Banks},
   title = {A simple and scalable force actuator},
   journal = {35th International Symposioum on Robotics},
   month = {March},
   year = {2004}
}

@ARTICLE{Robinson,
  author = "D. Robinson and J. Pratt and D. Paluska and G. Pratt",
  title = "Series Elastic Actuator Development for a Biomimetic Robot",
  journal ={IEEE/ASME International Conference on Advanced Intelligent
Mechatronics},
  year = "1999"
}

@MASTERSTHESIS{Williamson,
 author={M. Williamson},
 title={Series Elastic Actuators},
 school={Massachusetts Institute of Technology, Cambridge, MA},
 year={1995}
}


%--------------------
%   Aaron paper
%--------------------
@InProceedings{AaronArm,
  author =       {Aaron Edsinger-Gonzales and Jeff Weber},
  title =        {Domo: A Force Sensing Humanoid Robot for Manipulation Research},
  booktitle =      {Proc. of the IEEE International Conf. on Humanoid Robotics},
  year =         {2004},
  month = {November},
  address = {Los Angeles}
}



@InProceedings{richmond00active,
  author =   {J. L. Richmond and D. K. Pai},
  title =    {Active Measurement and Modeling of Contact Sounds},
  booktitle =    {Proc. of the IEEE Int. Conf. on Robotics and Automation},
  pages =    {2146--2152},
  year =     2000,
  address =  {San Francisco},
  month =    {April}
}


@InProceedings{fitzpatrick03learning,
  author = {Paul Fitzpatrick and Giorgio Metta and Lorenzo Natale and Sajit Rao and Giulio Sandini},
  title = {Learning about objects through action - initial steps towards artificial cognition},
  booktitle = {Proc. of the IEEE Internat'l Conf. on Robotics and Automation},
  address = {Taipei, Taiwan},
  month = {May},
  year = {2003}
}



@Article{fitzpatrick05reinforcing,
  author =   {Paul Fitzpatrick and Artur Arsenio and Eduardo R. Torres-Jara},
  title =    { Reinforcing robot perception of multi-modal events through repetition and redundancy and repetition and redundancy},
  journal =      {Interaction Studies Journal},
  year =     2005,
  note =     {accepted for publication}
}


@InProceedings{fitzpatrick04power,
  author =   {Paul Fitzpatrick and Eduardo Torres-Jara},
  title =    {The power of the dark side: using cast shadows for visually-guided reaching},
  booktitle =      {Proceedings of the IEEE International Conference on Humanoid Robotics},
  year =         {2004},
  month = {November},
  address = {Los Angeles}
}


@InProceedings{natale04learning,
  author =   {L. Natale and G. Metta and G. Sandini},
  title =    {Learning haptic representation of objects},
  booktitle =    {International Conference on Intelligent Manipulation and Grasping},
  year =     2004,
  address =  {Genoa, Italy},
  month =    {July}
}

@Article{metta03early,
  author =   {Giorgio Metta and Paul Fitzpatrick},
  title =    {Early Integration of Vision and Manipulation},
  journal =      {Adaptive Behavior},
  year =     2003,
  volume = {11},
  number = {2},
  pages = {109--128}
}



@Article{femmam01perception,
  author =   {S. Femmam and N. K. M'Sirdi and A. Ouahabi},
  title =    {Perception and characterization of materials using signal processing techniques},
  journal =      {Instrumentation and Measurement},
  year =     2001,
  volume =   50,
  number =   5,
  pages =    {1203--1211},
  month =    {October}
}



@InProceedings{campos91exploratory,
  author =   {M. Campos and R. Bajcsy and V. Kumar},
  title =    {Exploratory procedures for material properties: the temperature perception},
  booktitle =    {5th Int. Conf. on Advanced Robotics},
  pages =    {205--210},
  year =     1991,
  volume =   1,
  month =    {June}
}





@Article{lederman04haptic,
  author =   {S. J. Lederman and R. L. Klatzky},
  title =    {Haptic identification of common objects: Effects of constraining the manual exploration process},
  journal =      {Perception and Psychophysics},
  year =     2004,
  volume =   66,
  pages =    {618--628}
}

@Article{IdentifyingTouch,
  author =  {R. L. Klatzky and S. J. Lederman and V. A. Metzger},
  title =   {Identifying objects by touch: An expert system},
  journal =     {Perception and Psychophysics},
  year =    {1985},
  volume =  {4},
  number =  {37},
  pages =   {299-302},
  annote =  {Supportinf reasons for using tactile sensing for object identifycation. Tactile information such as mass and texture. Subjects have 96% of accuracy.}
}

@Book{CutkoskyBook,
  author =  {M. R. Cutkosky},
  title =   {Robotic Grasping and Fine Manipulation},
  publisher =    {Kluwer},
  year =    {1985},
  address =     {Boston, MA},
  annote =  {Book on Manupulation.}
}



@InCollection{johansson91how,
  author =   {R. S. Johansson},
  title =    {How is grasping modified by somatosensory input?},
  booktitle =    {Motor Control: Concepts and Issues},
  pages =    {331--355},
  publisher =    {John Wiley and Sons Ltd},
  year =     1991,
  editor =   {D. R. Humphrey and H J Freund},
  address =  {Chichester}
}


@InProceedings{arsenio03whole,
  author =   {Artur Arsenio and Paul Fitzpatrick and Charles Kemp and Giorgio Metta},
  title =    {The Whole World in Your Hand: Active and Interactive Segmentation},
  booktitle =    {Proceedings of the Third International Workshop on Epigenetic Robotics},
  location = {Boston},
  year =     2003
}



@InProceedings{natale05developmental,
  author =   {L. Natale and G. Metta and G. Sandini},
  title =    {A developmental approach to grasping},
  booktitle =    {Developmental Robotics AAAI Spring Symposium},
  year =     2005,
  address =  {Stanford, CA},
  month =    {March}
}



@Article{arsenio05exploiting,
  author =   {Artur Arsenio and Paul Fitzpatrick},
  title =    {Exploiting amodal cues for robot perception},
  journal =      {International Journal of Humanoid Robotics},
  volume = 2,
  number = 2,
  pages = {1--19},
  year =     2005,
  note =     {in press}
}


@InProceedings{fitzpatrick03perception,
  author =   {Paul Fitzpatrick},
  title =    {Perception and Perspective in Robotics},
  year =     2003,
  note =     {Proceedings of the 25th annual meeting of the Cognitive Science Society}
}




@Article{brooks90elephants,
  author =   {R.~.A.~Brooks},
  title =    {Elephants Don't Play Chess},
  journal =      {Robotics and Autonomous Systems},
  year =     1990,
  volume =   6,
  pages =    {3--15}
}

@Article{bushnell93motor,
author = {E.W. Bushnell and J.P. Boudreau},
title = {Motor Development and the Mind: the Potential Role of Motor Abilities as
a Determinant of Aspects of Perceptual Development},
journal = {Child Dev.},
year = 1993,
volume = 64,
number = 4,
pages= {1005-21}
}

@Article{clifton94multimodal,
author = {R.K. Clifton and P. Rochat and D.J. Robin and N. E. Berthier},
title = {Multimodal Perception in the Control of Infant Reaching},
journal = {J Exp Psychol Hum Perform.},
year = 1994,
volume = 20,
number = 4,
pages= {876-86}
}

@Article{clifton93isvisually,
author = {R.K. Clifton and D.W. Muir, D.H. Ashmead, M.G. Clarkson},
title = {Is Visually Guided Reaching in Early Infancy a Myth?},
journal = {Child Dev.},
year = 1993,
volume = 64,
number = 4,
pages= {1099-110}
}

@Article{hofsten93thestructuring,
author = {C. von Hofsten, L. Ronnqvist},
title = {The Structuring of Neonatal Arm Movements},
journal = {Child Dev.},
year = 1993,
volume = 64,
number = 4,
pages= {1046-57}
}

@Article{hofsten82eye-hand,
author = {C. von Hofsten},
title = {Eye-Hand Coordination in the Newborn},
journal = {Dev. Psychology},
year = 1982,
volume = 18,
number = 3,
pages= {450-61}
}

@Article{meer95thefunctional,
author = {A.L. van der Meer and F.R. van der Weel and D.N. Weel},
title = {The Functional Significance of Arm Movements in Neonates},
journal = {Science},
year = 1995,
volume = 267,
pages= {693-5}
}

@Article{ashmead93visual,
author = {D.H. Ashmead and M.E. McCarty and L.S. Lucas and M.C. Belvedere},
title = {Visual Guidance in Infants' Reaching Toward Suddenly Displaced Targets},
journal = {Child Dev.},
year = 1993,
volume = 64,
number= 4,
pages= {1111-27}
}




@Article{lederman87hand,
  author =   {S. J. Lederman and R. L. Klatzky},
  title =    {Hand movements: A window into haptic object recognition},
  journal =      {Cognitive Psychology},
  year =     1987,
  volume =   19,
  number =   3,
  pages =    {342--368}
}




@PhdThesis{fitzpatrick03thesis,
  author =   {Paul Fitzpatrick},
  title =    {From First Contact to Close Encounters: A developmentally deep perceptual system for a humanoid robot},
  school =   {Massachusetts Institute of Technology},
  address = {Cambridge, MA},
  year =     {2003},
  note = {Also available as MIT Artificial Intelligence Laboratory technical report AITR-2003-008}
}



@InProceedings{natale05exploring,
  author = 	 {L. Natale and F. Orabona and G. Metta and G. Sandini},
  title = 	 {Exploring the world through grasping: a developmental approach},
  booktitle =	 {Proceedings of the 6th CIRA Symposium},
  year =	 2005,
  address =	 {Espoo, Finland},
  month =	 {June}
}



@Article{needham01object,
  author =       {Amy Needham},
  title =        {Object Recognition and Object Segregation in 4.5-Month-Old Infants},
  journal =      {Journal of Experimental Child Psychology},
  year =         2001,
  volume =       78,
  number =       1,
  pages =        {3--22},
  month =        {January}
}




@Article{needham97object,
  author =       {A. Needham and R. Baillargeon},
  title =        {Object segregation in 8-month-old infants},
  journal =      {Cognition},
  year =         1997,
  volume =       62,
  number =       2,
  pages =        {121--159},
  month =        {February}
}



@Article{prince05synching,
  author =       {Christopher G. Prince and George J. Hollich},
  title =        {Synching models with infants: a perceptual-level model of infant audio-visual synchrony detection},
  journal =      {Journal of Cognitive Systems Research},
  volume =       {6},
  year =         2005,
  pages =        {205--228}
}


@Book{gibson86ecological,
  author =       {J. J. Gibson},
  title =        {The Ecological Approach to Visual Perception},
  publisher =    {Lawrence Erlbaum Associates},
  year =         1986,
  address =      {Hillsdale, New Jersey}
}


@Article{bahrick00intersensory,
  author =   {L. E. Bahrick and R. Lickliter},
  title =    {Intersensory Redundancy Guides Attentional Selectivity and Perceptual Learning in Infancy},
  journal =      {Developmental Psychology},
  year =     2000,
  volume =   36,
  pages =    {190--201}
}

@InCollection{bahrick03development,
  author =   {L. E. Bahrick},
  title =    {Development of Intermodal Perception},
  booktitle =    {Encyclopedia of Cognitive Science},
  pages =    {614--617},
  publisher = {Nature Publishing Group},
  year =     2003,
  editor =   {L. Nadel},
  volume =   2,
  address =  {London}
}



@Article{lewkowicz04learning,
  author =   {D. J. Lewkowicz},
  title =    {Learning and Discrimination of Audiovisual Events in Human Infants: The Hierarchical Relation Between Intersensory Temporal
Synchrony and Rhythmic Pattern Cues},
  journal =      {Developmental Psychology},
  year =     {in press}
}


@Article{lewkowicz80crossmodal,
  author =   {D. J. Lewkowicz and G. Turkewitz},
  title =    {Cross-Modal Equivalence in Early Infancy: Auditory- Visual Intensity Matching},
  journal =      {Developmental Psychology},
  year =     1980,
  volume =   16,
  pages =    {597--607}
}

@Article{hernandez01development,
  author =   {M. Hernandez-Reif and L. E. Bahrick},
  title =    {The Development of Visual-Tactual Perception of Objects: Amodal Relations Provide the Basis for Learning Arbitrary Relations},
  journal =      {Infancy},
  year =     2001,
  volume =   2,
  number =   1,
  pages =    {51--72}
}

@InCollection{bahrick04development,
  author =   {L. E. Bahrick},
  title =    {The development of perception in a multimodal environment},
  booktitle =    {Theories of infant development},
  pages =    {90--120},
  publisher =    {Blackwell Publishing},
  year =     2004,
  editor =   {G. Bremner and A. Slater},
  address =  {Malden, MA}
}

@Article{lewkowicz00development,
  author =   {D. J. Lewkowicz},
  title =    {The development of intersensory temporal perception: an epigenetic systems/limitations view},
  journal =      {Psych. Bull.},
  year =     2000,
  volume =   126,
  pages =    {281--308}
}



@InCollection{johnson05building,
  author =       {S.~P. Johnson},
  editor =       {L. Gershkoff-Stowe and D. Rakison},
  booktitle =    {Building object categories in developmental time: 32nd Carnegie symposium on cognition},
  title =        {Building knowledge from perception in infancy},
  publisher =    {Hillsdale},
  pages =        {33--62},
  year =         {2005},
  address =      {Mahwah, NJ}
}


@Article{kirkham02visual,
  author =       {N.~Z.~Kirkham and J.~A.~Slemmer and S.~P.~Johnson},
  title =        {Visual statistical learning in infancy: evidence of a domain general learning mechanism},
  journal =      {Cognition},
  year =         2002,
  volume =       83,
  number =       2,
  pages =        {B35--B42}
}



@InCollection{johnson02development,
  author =       {S.~P.~Johnson},
  title =        {Development of object perception},
  booktitle =    {Encyclopedia of cognitive science},
  pages =        {392--399},
  publisher =    {Macmillan},
  year =         2002,
  editor =       {L. Nadel and R. Goldstone},
  volume =       {3: Psychology},
  address =      {London}
}
