@InCollection{fitzpatrick10cmaking,
  author = 	 {Paul Fitzpatrick and Giorgio Metta and Lorenzo Natale},
  title = 	 {The {CMaking} of a Humanoid},
  booktitle = 	 {Kitware Source: Software Developer's Quarterly},
  publisher = {Kitware},
  year = 	 2010,
  number = 	 13,
  month = 	 {April},
  pages =  {7--9}
}



@Article{fitzpatrick08towards,
  author = 	 {Paul Fitzpatrick and Giorgio Metta and Lorenzo Natale},
  title = 	 {Towards long-lived robot genes},
  journal = 	 {Robotics and Autonomous Systems},
  year = 	 2008,
  volume = 	 56,
  number = 	 1,
  pages = 	 {29--45}}


@Article{metta06yarp,
  author = 	 {Giorgio Metta and Paul Fitzpatrick and Lorenzo Natale},
  title = 	 {{YARP}: {Y}et {A}nother {R}obot {P}latform},
  journal = 	 {International Journal of Advanced Robotic Systems},
  year = 	 2006}



@InProceedings{stefansson09yarp,
  author = 	 {S. F. Stef\'{a}nsson and B. Th. Jonsson and K. R. Th\'{o}risson},
  title = 	 {A {YARP}-based Architectural Framework for Robotic Vision Applications},
  booktitle = {Proc. of International Conference on Computer Vision Theory and Applications},
  pages = 	 {65--68},
  year = 	 2009,
  number = 	 1,
  address = 	 {Lisboa, Portugal}}



@Article{barbosa09mermaid,
  author = 	 {M. Barbosa and N. Ramos and J. Sequeira},
  title = 	 {{MeRMaID} Middleware for Multiple Robot Intelligent Decision-Making},
  journal = 	 {Journal of Software Engineering for Robotics},
  year = 	 2009,
  volume = 	 1,
  number = 	 1,
  pages = 	 {1--15},
  month = 	 {September}}

@InProceedings{barbosa07mermaid,
  author = 	 {M. Barbosa and N. Ramos and P. Lima},
  title = 	 {Mermaid - Multiple-Robot Middleware for Intelligent Decision-Making},
  booktitle = {Procs. of the 6th IFAC Symposium on Intelligent Autonomous Vehicles},
  year = 	 2007,
  address = 	 {Toulouse, France}}


@inproceedings{huang2010lcm,
    author = {Albert S. Huang and Edwin Olson and David Moore},
    title = {{LCM}: Lightweight Communications and Marshalling},
    booktitle = {Int. Conf. on Intelligent Robots and Systems},
    month = {October},
    year = {2010},
    address = {Taipei, Taiwan}
}


@inproceedings{quigley2009ros,
	title = {{ROS}: an open-source Robot Operating System},
	booktitle = {{ICRA} Workshop on Open Source Software},
	year = 2009,
	author = {Morgan Quigley and Ken Conley and Brian P. Gerkey and Josh Faust and Tully Foote and Jeremy Leibs and Rob Wheeler and Andrew Y. Ng}
}

@book{gamma95design,
  address = {Reading, MA, USA},
  title = {Design Patterns: Elements of Reusable Object-Oriented Software},
  author = {Erich Gamma and Richard Helm and Ralph Johnson and John Vlisside},
  publisher = {Addison-Wesley},
  year = {1995},
}

